<?xml version="1.0" encoding="UTF-8"?>
<!DOCTYPE html PUBLIC "-//W3C//DTD XHTML 1.0 Transitional//EN"
    "http://www.w3.org/TR/xhtml1/DTD/xhtml1-transitional.dtd">
<html xmlns="http://www.w3.org/1999/xhtml" xml:lang="en" lang="en">
 <head>
  <title>
</title>
<meta http-equiv="Content-Type" content="text/html;charset=utf-8" />
  <meta name='ocr-system' content='tesseract 3.04.00' />
  <meta name='ocr-capabilities' content='ocr_page ocr_carea ocr_par ocr_line ocrx_word'/>
</head>
<body>
  <div class='ocr_page' id='page_1' title='image "./tmacciplavticap00sonngoog_0075.png"; bbox 0 0 3198 4726; ppageno 0'>
   <div class='ocr_carea' id='block_1_1' title="bbox 257 218 1359 307">
    <p class='ocr_par' dir='ltr' id='par_1_1' title="bbox 257 218 1359 307">
     <span class='ocr_line' id='line_1_1' title="bbox 257 218 1359 307; baseline 0.008 -23"><span class='ocrx_word' id='word_1_1' title='bbox 257 221 320 286; x_wconf 88' lang='lat' dir='ltr'>v4.</span> <span class='ocrx_word' id='word_1_2' title='bbox 339 223 480 307; x_wconf 86' lang='lat'>10-31]</span> <span class='ocrx_word' id='word_1_3' title='bbox 697 274 699 281; x_wconf 69' lang='grc'>,</span> <span class='ocrx_word' id='word_1_4' title='bbox 731 218 891 290; x_wconf 68' lang='lat' dir='ltr'>osirim.</span> <span class='ocrx_word' id='word_1_5' title='bbox 1319 231 1359 293; x_wconf 83' lang='lat'>51</span> 
     </span>
    </p>
   </div>
   <div class='ocr_carea' id='block_1_2' title="bbox 159 363 1386 2235">
    <p class='ocr_par' dir='ltr' id='par_1_2' title="bbox 159 363 1386 2235">
     <span class='ocr_line' id='line_1_2' title="bbox 342 363 1360 472; baseline 0.006 -23"><span class='ocrx_word' id='word_1_6' title='bbox 342 363 445 463; x_wconf 72' lang='lat' dir='ltr'>latas,</span> <span class='ocrx_word' id='word_1_7' title='bbox 461 388 525 452; x_wconf 86' lang='lat' dir='ltr'>seio</span> <span class='ocrx_word' id='word_1_8' title='bbox 540 408 596 453; x_wconf 88' lang='lat' dir='ltr'>our</span> <span class='ocrx_word' id='word_1_9' title='bbox 611 388 643 453; x_wconf 80' lang='lat' dir='ltr'>td</span> <span class='ocrx_word' id='word_1_10' title='bbox 658 394 781 472; x_wconf 87' lang='lat' dir='ltr'>patrem</span> <span class='ocrx_word' id='word_1_11' title='bbox 797 410 865 453; x_wconf 88' lang='lat' dir='ltr'>esse</span> <span class='ocrx_word' id='word_1_12' title='bbox 875 387 1048 455; x_wconf 78' lang='lat' dir='ltr'>adsimules</span> <span class='ocrx_word' id='word_1_13' title='bbox 1063 396 1096 453; x_wconf 89' lang='lat' dir='ltr'>et</span> <span class='ocrx_word' id='word_1_14' title='bbox 1110 408 1162 452; x_wconf 89' lang='lat' dir='ltr'>me</span> <span class='ocrx_word' id='word_1_15' title='bbox 1173 389 1296 455; x_wconf 83' lang='lat' dir='ltr'>filium:</span> <span class='ocrx_word' id='word_1_16' title='bbox 1320 391 1360 455; x_wconf 90' lang='lat'>10</span> 
     </span>
     <span class='ocr_line' id='line_1_3' title="bbox 343 489 1234 577; baseline 0.006 -24"><span class='ocrx_word' id='word_1_17' title='bbox 343 489 427 567; x_wconf 79' lang='lat' dir='ltr'>Quia</span> <span class='ocrx_word' id='word_1_18' title='bbox 441 491 487 554; x_wconf 88' lang='lat' dir='ltr'>mi</span> <span class='ocrx_word' id='word_1_19' title='bbox 501 491 580 556; x_wconf 91' lang='lat' dir='ltr'>item</span> <span class='ocrx_word' id='word_1_20' title='bbox 594 500 632 557; x_wconf 91' lang='grc' dir='ltr'>ιιι</span> <span class='ocrx_word' id='word_1_21' title='bbox 645 491 793 576; x_wconf 74' lang='lat' dir='ltr'>parentes</span> <span class='ocrx_word' id='word_1_22' title='bbox 806 492 891 557; x_wconf 91' lang='lat' dir='ltr'>luois</span> <span class='ocrx_word' id='word_1_23' title='bbox 904 491 961 557; x_wconf 77' lang='lat' dir='ltr'>das</span> <span class='ocrx_word' id='word_1_24' title='bbox 976 493 1089 556; x_wconf 91' lang='lat' dir='ltr'>tuendi</span> <span class='ocrx_word' id='word_1_25' title='bbox 1104 490 1234 577; x_wconf 76' lang='lat' dir='ltr'>copiam.</span> 
     </span>
     <span class='ocr_line' id='line_1_4' title="bbox 256 586 707 679; baseline 0.011 -24"><span class='ocrx_word' id='word_1_26' title='bbox 256 592 314 657; x_wconf 83' lang='grc' dir='ltr'>ΡΗ.</span> <span class='ocrx_word' id='word_1_27' title='bbox 342 586 447 672; x_wconf 74' lang='lat' dir='ltr'>Silue,</span> <span class='ocrx_word' id='word_1_28' title='bbox 461 594 615 679; x_wconf 87' lang='lat' dir='ltr'>Tyndare.</span> <span class='ocrx_word' id='word_1_29' title='bbox 705 648 707 651; x_wconf 85' lang='lat'><em>.</em></span> 
     </span>
     <span class='ocr_line' id='line_1_5' title="bbox 530 684 1361 785; baseline 0.005 -23"><span class='ocrx_word' id='word_1_30' title='bbox 530 699 585 763; x_wconf 90' lang='grc' dir='ltr'>ΤΥ.</span> <span class='ocrx_word' id='word_1_31' title='bbox 608 684 649 764; x_wconf 77' lang='lat' dir='ltr'>Et</span> <span class='ocrx_word' id='word_1_32' title='bbox 663 706 708 776; x_wconf 88' lang='lat' dir='ltr'>tu,</span> <span class='ocrx_word' id='word_1_33' title='bbox 724 699 839 782; x_wconf 90' lang='lat' dir='ltr'>quoius</span> <span class='ocrx_word' id='word_1_34' title='bbox 854 697 949 764; x_wconf 86' lang='lat' dir='ltr'>oadsa</span> <span class='ocrx_word' id='word_1_35' title='bbox 962 699 1046 765; x_wconf 86' lang='lat' dir='ltr'>hano</span> <span class='ocrx_word' id='word_1_36' title='bbox 1061 720 1246 764; x_wconf 82' lang='lat' dir='ltr'><strong>aerumnam</strong></span> <span class='ocrx_word' id='word_1_37' title='bbox 1261 699 1361 785; x_wconf 78' lang='lat' dir='ltr'>exigo</span> 
     </span>
     <span class='ocr_line' id='line_1_6' title="bbox 159 777 1183 868; baseline 0.002 -4"><span class='ocrx_word' id='word_1_38' title='bbox 159 800 242 864; x_wconf 93' lang='grc'>1010</span> <span class='ocrx_word' id='word_1_39' title='bbox 256 801 316 866; x_wconf 87' lang='grc' dir='ltr'>ΡΗ.</span> <span class='ocrx_word' id='word_1_40' title='bbox 342 777 389 865; x_wconf 70' lang='lat' dir='ltr'>tlt</span> <span class='ocrx_word' id='word_1_41' title='bbox 404 822 490 866; x_wconf 88' lang='lat' dir='ltr'>nuno</span> <span class='ocrx_word' id='word_1_42' title='bbox 505 800 587 866; x_wconf 89' lang='lat' dir='ltr'>liber</span> <span class='ocrx_word' id='word_1_43' title='bbox 600 803 635 866; x_wconf 82' lang='lat' dir='ltr'>in</span> <span class='ocrx_word' id='word_1_44' title='bbox 650 803 781 868; x_wconf 88' lang='lat' dir='ltr'>diuitias</span> <span class='ocrx_word' id='word_1_45' title='bbox 793 803 867 867; x_wconf 70' lang='lat' dir='ltr'>fixo</span> <span class='ocrx_word' id='word_1_46' title='bbox 882 804 1008 868; x_wconf 88' lang='lat' dir='ltr'>uenies:</span> <span class='ocrx_word' id='word_1_47' title='bbox 1031 801 1106 867; x_wconf 76' lang='lat' dir='ltr'>nam</span> <span class='ocrx_word' id='word_1_48' title='bbox 1121 804 1183 868; x_wconf 90' lang='lat' dir='ltr'>tibi</span> 
     </span>
     <span class='ocr_line' id='line_1_7' title="bbox 344 904 1362 990; baseline 0.002 -22"><span class='ocrx_word' id='word_1_49' title='bbox 344 904 440 969; x_wconf 76' lang='lat' dir='ltr'>Pater</span> <span class='ocrx_word' id='word_1_50' title='bbox 461 905 514 970; x_wconf 89' lang='lat' dir='ltr'>hio</span> <span class='ocrx_word' id='word_1_51' title='bbox 536 913 584 970; x_wconf 92' lang='lat' dir='ltr'>est</span> <span class='ocrx_word' id='word_1_52' title='bbox 595 930 603 985; x_wconf 91' lang='lat'>;</span> <span class='ocrx_word' id='word_1_53' title='bbox 624 906 677 970; x_wconf 86' lang='lat' dir='ltr'>hie</span> <span class='ocrx_word' id='word_1_54' title='bbox 695 906 811 984; x_wconf 74' lang='lat' dir='ltr'>seruos,</span> <span class='ocrx_word' id='word_1_55' title='bbox 833 908 890 990; x_wconf 90' lang='lat' dir='ltr'>qui</span> <span class='ocrx_word' id='word_1_56' title='bbox 912 914 944 970; x_wconf 93' lang='lat' dir='ltr'>te</span> <span class='ocrx_word' id='word_1_57' title='bbox 966 906 1042 970; x_wconf 87' lang='lat' dir='ltr'>huis</span> <span class='ocrx_word' id='word_1_58' title='bbox 1061 907 1143 970; x_wconf 79' lang='lat' dir='ltr'>hine</span> <span class='ocrx_word' id='word_1_59' title='bbox 1160 907 1362 990; x_wconf 88' lang='lat' dir='ltr'>quadrimum</span> 
     </span>
     <span class='ocr_line' id='line_1_8' title="bbox 904 1009 1039 1093; baseline -0.007 -19"><span class='ocrx_word' id='word_1_60' title='bbox 904 1009 1039 1093; x_wconf 82' lang='lat' dir='ltr'>sdrpnit,</span> 
     </span>
     <span class='ocr_line' id='line_1_9' title="bbox 345 1111 1361 1196; baseline 0.003 -21"><span class='ocrx_word' id='word_1_61' title='bbox 345 1111 501 1176; x_wconf 77' lang='lat' dir='ltr'>Vendidit</span> <span class='ocrx_word' id='word_1_62' title='bbox 515 1113 599 1196; x_wconf 79' lang='lat' dir='ltr'>patri</span> <span class='ocrx_word' id='word_1_63' title='bbox 614 1134 684 1177; x_wconf 89' lang='lat' dir='ltr'>meo</span> <span class='ocrx_word' id='word_1_64' title='bbox 699 1120 732 1178; x_wconf 93' lang='lat' dir='ltr'>te</span> <span class='ocrx_word' id='word_1_65' title='bbox 747 1112 804 1179; x_wconf 76' lang='lat' dir='ltr'>sex</span> <span class='ocrx_word' id='word_1_66' title='bbox 818 1114 923 1178; x_wconf 89' lang='lat' dir='ltr'>minis.</span> <span class='ocrx_word' id='word_1_67' title='bbox 968 1114 996 1176; x_wconf 91' lang='lat' dir='ltr'>is</span> <span class='ocrx_word' id='word_1_68' title='bbox 1011 1113 1043 1178; x_wconf 79' lang='lat' dir='ltr'>te</span> <span class='ocrx_word' id='word_1_69' title='bbox 1058 1114 1140 1177; x_wconf 91' lang='lat' dir='ltr'>mihi</span> <span class='ocrx_word' id='word_1_70' title='bbox 1322 1116 1361 1178; x_wconf 86' lang='lat'>15</span> 
     </span>
     <span class='ocr_line' id='line_1_10' title="bbox 344 1200 1093 1300; baseline 0.005 -23"><span class='ocrx_word' id='word_1_71' title='bbox 344 1215 517 1279; x_wconf 78' lang='lat' dir='ltr'>Paruolum</span> <span class='ocrx_word' id='word_1_72' title='bbox 531 1200 724 1300; x_wconf 83' lang='lat' dir='ltr'>poedliarem</span> <span class='ocrx_word' id='word_1_73' title='bbox 738 1216 870 1300; x_wconf 76' lang='lat' dir='ltr'>paruolo</span> <span class='ocrx_word' id='word_1_74' title='bbox 885 1215 982 1300; x_wconf 80' lang='lat' dir='ltr'>puero</span> <span class='ocrx_word' id='word_1_75' title='bbox 997 1216 1093 1281; x_wconf 82' lang='lat' dir='ltr'>dedit.</span> 
     </span>
     <span class='ocr_line' id='line_1_11' title="bbox 345 1297 1321 1386; baseline 0.004 -6"><span class='ocrx_word' id='word_1_76' title='bbox 345 1297 419 1382; x_wconf 87' lang='lat' dir='ltr'>lllio</span> <span class='ocrx_word' id='word_1_77' title='bbox 433 1319 589 1385; x_wconf 79' lang='lat' dir='ltr'>indicium</span> <span class='ocrx_word' id='word_1_78' title='bbox 603 1319 696 1385; x_wconf 79' lang='lat' dir='ltr'>feeit:</span> <span class='ocrx_word' id='word_1_79' title='bbox 718 1342 794 1384; x_wconf 91' lang='lat' dir='ltr'>nam</span> <span class='ocrx_word' id='word_1_80' title='bbox 808 1342 874 1385; x_wconf 90' lang='lat' dir='ltr'>una</span> <span class='ocrx_word' id='word_1_81' title='bbox 889 1342 929 1385; x_wconf 84' lang='lat' dir='ltr'>ex</span> <span class='ocrx_word' id='word_1_82' title='bbox 943 1299 1040 1386; x_wconf 75' lang='lat' dir='ltr'>illide</span> <span class='ocrx_word' id='word_1_83' title='bbox 1055 1320 1118 1385; x_wconf 86' lang='lat' dir='ltr'>hue</span> <span class='ocrx_word' id='word_1_84' title='bbox 1132 1320 1321 1385; x_wconf 80' lang='lat' dir='ltr'>reducimus.</span> 
     </span>
     <span class='ocr_line' id='line_1_12' title="bbox 257 1418 682 1500; baseline 0.002 -15"><span class='ocrx_word' id='word_1_85' title='bbox 257 1418 312 1487; x_wconf 90' lang='grc' dir='ltr'>ΤΥ.</span> <span class='ocrx_word' id='word_1_86' title='bbox 343 1422 429 1500; x_wconf 79' lang='lat' dir='ltr'>Quid</span> <span class='ocrx_word' id='word_1_87' title='bbox 444 1422 539 1488; x_wconf 90' lang='lat' dir='ltr'>huius</span> <span class='ocrx_word' id='word_1_88' title='bbox 554 1424 658 1486; x_wconf 90' lang='lat' dir='ltr'>filium</span> <span class='ocrx_word' id='word_1_89' title='bbox 670 1428 682 1487; x_wconf 73' lang='grc' dir='ltr'>ι</span> 
     </span>
     <span class='ocr_line' id='line_1_13' title="bbox 585 1507 1361 1614; baseline 0.006 -28"><span class='ocrx_word' id='word_1_90' title='bbox 585 1528 651 1592; x_wconf 84' lang='grc' dir='ltr'>ΡΗ.</span> <span class='ocrx_word' id='word_1_91' title='bbox 675 1507 769 1593; x_wconf 81' lang='lat' dir='ltr'>intus</span> <span class='ocrx_word' id='word_1_92' title='bbox 785 1548 902 1605; x_wconf 89' lang='lat' dir='ltr'>eooum,</span> <span class='ocrx_word' id='word_1_93' title='bbox 917 1528 1048 1592; x_wconf 81' lang='lat' dir='ltr'>fratrem</span> <span class='ocrx_word' id='word_1_94' title='bbox 1062 1526 1249 1614; x_wconf 83' lang='lat' dir='ltr'>germandm</span> <span class='ocrx_word' id='word_1_95' title='bbox 1264 1534 1361 1592; x_wconf 87' lang='lat' dir='ltr'>tuom.</span> 
     </span>
     <span class='ocr_line' id='line_1_14' title="bbox 259 1629 1312 1715; baseline 0.002 -23"><span class='ocrx_word' id='word_1_96' title='bbox 259 1631 313 1693; x_wconf 86' lang='grc' dir='ltr'>ΤΥ.</span> <span class='ocrx_word' id='word_1_97' title='bbox 346 1629 432 1707; x_wconf 81' lang='lat' dir='ltr'>Quid</span> <span class='ocrx_word' id='word_1_98' title='bbox 447 1636 484 1694; x_wconf 89' lang='lat' dir='ltr'>tu</span> <span class='ocrx_word' id='word_1_99' title='bbox 498 1631 568 1695; x_wconf 72' lang='lat' dir='ltr'>ais?</span> <span class='ocrx_word' id='word_1_100' title='bbox 590 1629 768 1696; x_wconf 85' lang='lat' dir='ltr'>adddxtine</span> <span class='ocrx_word' id='word_1_101' title='bbox 782 1632 881 1697; x_wconf 79' lang='lat' dir='ltr'>illuns</span> <span class='ocrx_word' id='word_1_102' title='bbox 894 1632 992 1696; x_wconf 82' lang='lat' dir='ltr'>huius</span> <span class='ocrx_word' id='word_1_103' title='bbox 1007 1632 1168 1715; x_wconf 88' lang='lat' dir='ltr'>oaptiuom</span> <span class='ocrx_word' id='word_1_104' title='bbox 1182 1632 1312 1695; x_wconf 73' lang='lat' dir='ltr'>fllium?</span> 
     </span>
     <span class='ocr_line' id='line_1_15' title="bbox 259 1730 978 1826; baseline 0.006 -30"><span class='ocrx_word' id='word_1_105' title='bbox 259 1734 318 1797; x_wconf 82' lang='grc' dir='ltr'>ΡΗ.</span> <span class='ocrx_word' id='word_1_106' title='bbox 346 1733 441 1811; x_wconf 75' lang='lat' dir='ltr'>Quin,</span> <span class='ocrx_word' id='word_1_107' title='bbox 456 1735 598 1819; x_wconf 86' lang='lat' dir='ltr'>inquam,</span> <span class='ocrx_word' id='word_1_108' title='bbox 611 1735 700 1800; x_wconf 87' lang='lat' dir='ltr'>intus</span> <span class='ocrx_word' id='word_1_109' title='bbox 715 1735 768 1799; x_wconf 85' lang='lat' dir='ltr'>hio</span> <span class='ocrx_word' id='word_1_110' title='bbox 783 1743 840 1800; x_wconf 89' lang='lat' dir='ltr'>est.</span> <span class='ocrx_word' id='word_1_111' title='bbox 957 1730 978 1826; x_wconf 21' lang='grc' dir='ltr'>ι’</span> 
     </span>
     <span class='ocr_line' id='line_1_16' title="bbox 680 1838 1363 1922; baseline -0.001 -20"><span class='ocrx_word' id='word_1_112' title='bbox 680 1840 735 1903; x_wconf 85' lang='grc' dir='ltr'>ΤΥ.</span> <span class='ocrx_word' id='word_1_113' title='bbox 759 1839 877 1903; x_wconf 78' lang='lat' dir='ltr'>Fecisti</span> <span class='ocrx_word' id='word_1_114' title='bbox 892 1838 1005 1922; x_wconf 76' lang='lat' dir='ltr'>edepol</span> <span class='ocrx_word' id='word_1_115' title='bbox 1020 1852 1053 1902; x_wconf 87' lang='lat' dir='ltr'>et</span> <span class='ocrx_word' id='word_1_116' title='bbox 1067 1846 1152 1904; x_wconf 86' lang='lat' dir='ltr'>reete</span> <span class='ocrx_word' id='word_1_117' title='bbox 1163 1838 1196 1903; x_wconf 78' lang='lat' dir='ltr'>et</span> <span class='ocrx_word' id='word_1_118' title='bbox 1211 1838 1298 1904; x_wconf 87' lang='lat' dir='ltr'>bene.</span> <span class='ocrx_word' id='word_1_119' title='bbox 1322 1841 1363 1901; x_wconf 87' lang='grc'>20</span> 
     </span>
     <span class='ocr_line' id='line_1_17' title="bbox 261 1939 1365 2026; baseline 0.003 -23"><span class='ocrx_word' id='word_1_120' title='bbox 261 1940 319 2005; x_wconf 83' lang='grc' dir='ltr'>ΡΗ.</span> <span class='ocrx_word' id='word_1_121' title='bbox 345 1939 442 2006; x_wconf 87' lang='lat' dir='ltr'>Ndno</span> <span class='ocrx_word' id='word_1_122' title='bbox 457 1942 518 2005; x_wconf 91' lang='lat' dir='ltr'>tibi</span> <span class='ocrx_word' id='word_1_123' title='bbox 531 1949 623 2026; x_wconf 88' lang='lat' dir='ltr'>pater</span> <span class='ocrx_word' id='word_1_124' title='bbox 636 1942 689 2007; x_wconf 88' lang='lat' dir='ltr'>hio</span> <span class='ocrx_word' id='word_1_125' title='bbox 705 1941 770 2007; x_wconf 78' lang='lat' dir='ltr'>dst:</span> <span class='ocrx_word' id='word_1_126' title='bbox 792 1942 844 2007; x_wconf 86' lang='lat' dir='ltr'>hio</span> <span class='ocrx_word' id='word_1_127' title='bbox 855 1943 908 2006; x_wconf 86' lang='lat' dir='ltr'>fur</span> <span class='ocrx_word' id='word_1_128' title='bbox 918 1949 967 2006; x_wconf 89' lang='lat' dir='ltr'>est</span> <span class='ocrx_word' id='word_1_129' title='bbox 981 1940 1062 2018; x_wconf 77' lang='lat' dir='ltr'>tuos,</span> <span class='ocrx_word' id='word_1_130' title='bbox 1074 1943 1130 2026; x_wconf 90' lang='lat' dir='ltr'>qui</span> <span class='ocrx_word' id='word_1_131' title='bbox 1144 1963 1277 2026; x_wconf 87' lang='lat' dir='ltr'>paruom</span> <span class='ocrx_word' id='word_1_132' title='bbox 1290 1943 1365 2007; x_wconf 85' lang='lat' dir='ltr'>hino</span> 
     </span>
     <span class='ocr_line' id='line_1_18' title="bbox 907 2034 1386 2110; baseline -0.006 0"><span class='ocrx_word' id='word_1_133' title='bbox 907 2046 1096 2110; x_wconf 74' lang='lat' dir='ltr'>tesbstulia</span> <span class='ocrx_word' id='word_1_134' title='bbox 1382 2034 1386 2042; x_wconf 84' lang='lat'>&#39;</span> 
     </span>
     <span class='ocr_line' id='line_1_19' title="bbox 261 2125 1365 2235; baseline 0.002 -24"><span class='ocrx_word' id='word_1_135' title='bbox 261 2148 316 2213; x_wconf 89' lang='grc' dir='ltr'>ΤΥ.</span> <span class='ocrx_word' id='word_1_136' title='bbox 347 2125 394 2212; x_wconf 70' lang='lat' dir='ltr'>dt</span> <span class='ocrx_word' id='word_1_137' title='bbox 408 2168 466 2234; x_wconf 84' lang='lat' dir='ltr'>ogo</span> <span class='ocrx_word' id='word_1_138' title='bbox 480 2148 567 2214; x_wconf 89' lang='lat' dir='ltr'>huno</span> <span class='ocrx_word' id='word_1_139' title='bbox 580 2149 709 2235; x_wconf 53' lang='lat' dir='ltr'>mandis</span> <span class='ocrx_word' id='word_1_140' title='bbox 729 2149 881 2233; x_wconf 75' lang='lat' dir='ltr'>grandem</span> <span class='ocrx_word' id='word_1_141' title='bbox 895 2155 975 2213; x_wconf 88' lang='lat' dir='ltr'>natu</span> <span class='ocrx_word' id='word_1_142' title='bbox 997 2150 1038 2213; x_wconf 95' lang='lat' dir='ltr'>ob</span> <span class='ocrx_word' id='word_1_143' title='bbox 1052 2148 1176 2213; x_wconf 85' lang='lat' dir='ltr'>fdrtum</span> <span class='ocrx_word' id='word_1_144' title='bbox 1198 2150 1239 2213; x_wconf 86' lang='lat' dir='ltr'>ad</span> <span class='ocrx_word' id='word_1_145' title='bbox 1253 2169 1365 2213; x_wconf 82' lang='lat' dir='ltr'>sarnu-</span> 
     </span>
    </p>
   </div>
   <div class='ocr_carea' id='block_1_3' title="bbox 165 2251 1103 2406">
    <p class='ocr_par' dir='ltr' id='par_1_3' title="bbox 165 2251 1103 2406">
     <span class='ocr_line' id='line_1_20' title="bbox 908 2251 1103 2316; baseline 0.005 -1"><span class='ocrx_word' id='word_1_146' title='bbox 908 2251 1000 2316; x_wconf 76' lang='lat' dir='ltr'>fioem</span> <span class='ocrx_word' id='word_1_147' title='bbox 1014 2252 1103 2316; x_wconf 81' lang='lat' dir='ltr'>dabo.</span> 
     </span>
     <span class='ocr_line' id='line_1_21' title="bbox 165 2337 554 2406; baseline 0 -1"><span class='ocrx_word' id='word_1_148' title='bbox 165 2343 249 2406; x_wconf 87' lang='lat'>1020</span> <span class='ocrx_word' id='word_1_149' title='bbox 262 2337 319 2405; x_wconf 81' lang='lat' dir='ltr'>PH.</span> <span class='ocrx_word' id='word_1_150' title='bbox 346 2338 484 2404; x_wconf 78' lang='lat' dir='ltr'>Meritus</span> <span class='ocrx_word' id='word_1_151' title='bbox 499 2347 554 2405; x_wconf 85' lang='lat' dir='ltr'>est</span> 
     </span>
    </p>
   </div>
   <div class='ocr_carea' id='block_1_4' title="bbox 242 2441 1368 3770">
    <p class='ocr_par' dir='ltr' id='par_1_4' title="bbox 242 2441 1368 3770">
     <span class='ocr_line' id='line_1_22' title="bbox 435 2441 1305 2529; baseline 0 -23"><span class='ocrx_word' id='word_1_152' title='bbox 435 2443 490 2507; x_wconf 94' lang='grc' dir='ltr'>ΤΥ.</span> <span class='ocrx_word' id='word_1_153' title='bbox 513 2443 596 2529; x_wconf 84' lang='lat' dir='ltr'>Ergo</span> <span class='ocrx_word' id='word_1_154' title='bbox 611 2443 724 2528; x_wconf 79' lang='lat' dir='ltr'>edepol</span> <span class='ocrx_word' id='word_1_155' title='bbox 738 2446 847 2507; x_wconf 79' lang='lat' dir='ltr'>merito</span> <span class='ocrx_word' id='word_1_156' title='bbox 862 2441 1009 2509; x_wconf 74' lang='lat' dir='ltr'>meritam</span> <span class='ocrx_word' id='word_1_157' title='bbox 1023 2441 1200 2509; x_wconf 75' lang='lat' dir='ltr'>mercedem</span> <span class='ocrx_word' id='word_1_158' title='bbox 1215 2444 1305 2508; x_wconf 87' lang='lat' dir='ltr'>dabo.</span> 
     </span>
     <span class='ocr_line' id='line_1_23' title="bbox 350 2545 963 2631; baseline 0 -20"><span class='ocrx_word' id='word_1_159' title='bbox 350 2546 412 2611; x_wconf 81' lang='lat' dir='ltr'>sed</span> <span class='ocrx_word' id='word_1_160' title='bbox 427 2546 487 2624; x_wconf 90' lang='lat' dir='ltr'>dio,</span> <span class='ocrx_word' id='word_1_161' title='bbox 502 2569 556 2612; x_wconf 88' lang='lat' dir='ltr'>oro</span> <span class='ocrx_word' id='word_1_162' title='bbox 571 2554 606 2625; x_wconf 73' lang='lat' dir='ltr'>a,</span> <span class='ocrx_word' id='word_1_163' title='bbox 620 2554 711 2631; x_wconf 88' lang='lat' dir='ltr'>pater</span> <span class='ocrx_word' id='word_1_164' title='bbox 724 2568 816 2612; x_wconf 87' lang='lat' dir='ltr'>meus</span> <span class='ocrx_word' id='word_1_165' title='bbox 830 2545 891 2611; x_wconf 80' lang='lat' dir='ltr'>tun</span> <span class='ocrx_word' id='word_1_166' title='bbox 906 2550 963 2611; x_wconf 79' lang='lat' dir='ltr'>esi</span> 
     </span>
     <span class='ocr_line' id='line_1_24' title="bbox 876 2650 1367 2735; baseline 0 -21"><span class='ocrx_word' id='word_1_167' title='bbox 876 2651 938 2716; x_wconf 75' lang='grc' dir='ltr'>ΗΥ.</span> <span class='ocrx_word' id='word_1_168' title='bbox 961 2651 1028 2735; x_wconf 83' lang='lat' dir='ltr'>Ego</span> <span class='ocrx_word' id='word_1_169' title='bbox 1044 2671 1124 2727; x_wconf 87' lang='lat' dir='ltr'>sum,</span> <span class='ocrx_word' id='word_1_170' title='bbox 1138 2651 1234 2734; x_wconf 79' lang='lat' dir='ltr'>gnate</span> <span class='ocrx_word' id='word_1_171' title='bbox 1248 2650 1301 2714; x_wconf 87' lang='lat' dir='ltr'>mi.</span> <span class='ocrx_word' id='word_1_172' title='bbox 1325 2651 1367 2714; x_wconf 72' lang='lat'>24</span> 
     </span>
     <span class='ocr_line' id='line_1_25' title="bbox 242 2739 1334 2839; baseline 0 -22"><span class='ocrx_word' id='word_1_173' title='bbox 242 2739 245 2745; x_wconf 40' lang='lat'><strong>¹</strong></span> <span class='ocrx_word' id='word_1_174' title='bbox 264 2754 317 2818; x_wconf 91' lang='grc' dir='ltr'>ΤΥ.</span> <span class='ocrx_word' id='word_1_175' title='bbox 350 2754 461 2838; x_wconf 90' lang='lat' dir='ltr'>[Nuno</span> <span class='ocrx_word' id='word_1_176' title='bbox 475 2754 604 2818; x_wconf 90' lang='lat' dir='ltr'>demum</span> <span class='ocrx_word' id='word_1_177' title='bbox 615 2755 651 2819; x_wconf 88' lang='lat' dir='ltr'>in</span> <span class='ocrx_word' id='word_1_178' title='bbox 661 2755 847 2819; x_wconf 82' lang='lat' dir='ltr'>memoriam</span> <span class='ocrx_word' id='word_1_179' title='bbox 857 2755 959 2833; x_wconf 86' lang='lat' dir='ltr'>redeo,</span> <span class='ocrx_word' id='word_1_180' title='bbox 971 2775 1069 2839; x_wconf 90' lang='lat' dir='ltr'>quom</span> <span class='ocrx_word' id='word_1_181' title='bbox 1081 2775 1206 2819; x_wconf 86' lang='lat' dir='ltr'>meeum</span> <span class='ocrx_word' id='word_1_182' title='bbox 1218 2754 1334 2837; x_wconf 82' lang='lat' dir='ltr'>cogito]</span> 
     </span>
     <span class='ocr_line' id='line_1_26' title="bbox 349 2856 1357 2943; baseline -0.001 -22"><span class='ocrx_word' id='word_1_183' title='bbox 349 2858 382 2921; x_wconf 92' lang='lat' dir='ltr'>N</span> <span class='ocrx_word' id='word_1_184' title='bbox 383 2856 448 2923; x_wconf 85' lang='lat' dir='ltr'>dno.</span> <span class='ocrx_word' id='word_1_185' title='bbox 461 2858 574 2943; x_wconf 85' lang='lat' dir='ltr'>edepol</span> <span class='ocrx_word' id='word_1_186' title='bbox 589 2858 719 2923; x_wconf 89' lang='lat' dir='ltr'>demum</span> <span class='ocrx_word' id='word_1_187' title='bbox 733 2859 769 2922; x_wconf 82' lang='lat' dir='ltr'>in</span> <span class='ocrx_word' id='word_1_188' title='bbox 783 2858 969 2923; x_wconf 82' lang='lat' dir='ltr'>memoriam</span> <span class='ocrx_word' id='word_1_189' title='bbox 983 2857 1142 2942; x_wconf 78' lang='lat' dir='ltr'>regredior</span> <span class='ocrx_word' id='word_1_190' title='bbox 1156 2857 1282 2921; x_wconf 87' lang='lat' dir='ltr'>audisse</span> <span class='ocrx_word' id='word_1_191' title='bbox 1297 2877 1357 2933; x_wconf 90' lang='lat' dir='ltr'>me,</span> 
     </span>
     <span class='ocr_line' id='line_1_27' title="bbox 352 2960 1345 3047; baseline -0.001 -23"><span class='ocrx_word' id='word_1_192' title='bbox 352 2961 451 3038; x_wconf 77' lang='lat' dir='ltr'>Quasi</span> <span class='ocrx_word' id='word_1_193' title='bbox 459 2982 522 3045; x_wconf 76' lang='lat' dir='ltr'>‚per</span> <span class='ocrx_word' id='word_1_194' title='bbox 535 2962 695 3039; x_wconf 83' lang='lat' dir='ltr'>nebulam,</span> <span class='ocrx_word' id='word_1_195' title='bbox 711 2961 890 3047; x_wconf 73' lang='lat' dir='ltr'>Hegionem</span> <span class='ocrx_word' id='word_1_196' title='bbox 904 2960 1012 3025; x_wconf 78' lang='lat' dir='ltr'>meum</span> <span class='ocrx_word' id='word_1_197' title='bbox 1026 2967 1151 3044; x_wconf 86' lang='lat' dir='ltr'>patrem</span> <span class='ocrx_word' id='word_1_198' title='bbox 1165 2961 1314 3025; x_wconf 78' lang='lat' dir='ltr'>uooarier.</span> <span class='ocrx_word' id='word_1_199' title='bbox 1343 2994 1345 2997; x_wconf 95' lang='lat'>·</span> 
     </span>
     <span class='ocr_line' id='line_1_28' title="bbox 266 3042 551 3149; baseline 0.011 -22"><span class='ocrx_word' id='word_1_200' title='bbox 266 3065 327 3129; x_wconf 76' lang='grc' dir='ltr'>ΗΥ.</span> <span class='ocrx_word' id='word_1_201' title='bbox 353 3042 385 3129; x_wconf 82' lang='lat' dir='ltr'>is</span> <span class='ocrx_word' id='word_1_202' title='bbox 401 3086 458 3149; x_wconf 83' lang='lat' dir='ltr'>ego</span> <span class='ocrx_word' id='word_1_203' title='bbox 473 3062 551 3133; x_wconf 87' lang='lat' dir='ltr'>sum.</span> 
     </span>
     <span class='ocr_line' id='line_1_29' title="bbox 485 3166 1311 3252; baseline -0.002 -19"><span class='ocrx_word' id='word_1_204' title='bbox 485 3170 545 3235; x_wconf 84' lang='grc' dir='ltr'>ΡΗ.</span> <span class='ocrx_word' id='word_1_205' title='bbox 568 3168 772 3252; x_wconf 75' lang='lat' dir='ltr'>Compedibus</span> <span class='ocrx_word' id='word_1_206' title='bbox 788 3187 906 3252; x_wconf 78' lang='lat' dir='ltr'>quaeso</span> <span class='ocrx_word' id='word_1_207' title='bbox 921 3175 958 3233; x_wconf 89' lang='lat' dir='ltr'>ut</span> <span class='ocrx_word' id='word_1_208' title='bbox 973 3167 1034 3231; x_wconf 85' lang='lat' dir='ltr'>trbi</span> <span class='ocrx_word' id='word_1_209' title='bbox 1049 3168 1091 3231; x_wconf 86' lang='lat' dir='ltr'>sit</span> <span class='ocrx_word' id='word_1_210' title='bbox 1106 3166 1208 3231; x_wconf 89' lang='lat' dir='ltr'>leuior</span> <span class='ocrx_word' id='word_1_211' title='bbox 1222 3166 1311 3231; x_wconf 85' lang='lat' dir='ltr'>filius</span> 
     </span>
     <span class='ocr_line' id='line_1_30' title="bbox 350 3249 822 3357; baseline 0.002 -22"><span class='ocrx_word' id='word_1_212' title='bbox 350 3249 461 3356; x_wconf 61' lang='lat' dir='ltr'>litque</span> <span class='ocrx_word' id='word_1_213' title='bbox 474 3272 528 3337; x_wconf 87' lang='lat' dir='ltr'>bio</span> <span class='ocrx_word' id='word_1_214' title='bbox 541 3273 668 3357; x_wconf 86' lang='lat' dir='ltr'>grauior</span> <span class='ocrx_word' id='word_1_215' title='bbox 681 3271 797 3337; x_wconf 76' lang='lat' dir='ltr'>seruos.</span> <span class='ocrx_word' id='word_1_216' title='bbox 820 3272 822 3276; x_wconf 62' lang='lat'>&#39;</span> 
     </span>
     <span class='ocr_line' id='line_1_31' title="bbox 647 3371 1368 3459; baseline 0.001 -21"><span class='ocrx_word' id='word_1_217' title='bbox 647 3376 709 3441; x_wconf 79' lang='lat' dir='ltr'>Ha.</span> <span class='ocrx_word' id='word_1_218' title='bbox 733 3376 896 3442; x_wconf 76' lang='lat' dir='ltr'>Certumst</span> <span class='ocrx_word' id='word_1_219' title='bbox 909 3375 1104 3459; x_wconf 81' lang='lat' dir='ltr'>principium</span> <span class='ocrx_word' id='word_1_220' title='bbox 1118 3374 1152 3437; x_wconf 94' lang='lat' dir='ltr'>id</span> <span class='ocrx_word' id='word_1_221' title='bbox 1167 3371 1368 3457; x_wconf 84' lang='lat' dir='ltr'>praeudrtier.</span> 
     </span>
     <span class='ocr_line' id='line_1_32' title="bbox 352 3466 1368 3561; baseline 0 -18"><span class='ocrx_word' id='word_1_222' title='bbox 352 3479 471 3544; x_wconf 81' lang='lat' dir='ltr'>Eamus</span> <span class='ocrx_word' id='word_1_223' title='bbox 486 3481 579 3556; x_wconf 85' lang='lat' dir='ltr'>intro,</span> <span class='ocrx_word' id='word_1_224' title='bbox 594 3486 632 3543; x_wconf 88' lang='lat' dir='ltr'>ut</span> <span class='ocrx_word' id='word_1_225' title='bbox 647 3480 823 3545; x_wconf 74' lang='lat' dir='ltr'>arcessatur</span> <span class='ocrx_word' id='word_1_226' title='bbox 836 3477 933 3555; x_wconf 79' lang='lat' dir='ltr'>faber,</span> <span class='ocrx_word' id='word_1_227' title='bbox 948 3486 985 3543; x_wconf 83' lang='lat' dir='ltr'>ut</span> <span class='ocrx_word' id='word_1_228' title='bbox 999 3479 1078 3544; x_wconf 86' lang='lat' dir='ltr'>istas</span> <span class='ocrx_word' id='word_1_229' title='bbox 1092 3466 1243 3561; x_wconf 78' lang='lat' dir='ltr'>conpedis</span> <span class='ocrx_word' id='word_1_230' title='bbox 1327 3481 1368 3543; x_wconf 86' lang='lat'>30</span> 
     </span>
     <span class='ocr_line' id='line_1_33' title="bbox 352 3582 774 3661; baseline 0.002 -15"><span class='ocrx_word' id='word_1_231' title='bbox 352 3584 425 3647; x_wconf 84' lang='lat' dir='ltr'>Tibi</span> <span class='ocrx_word' id='word_1_232' title='bbox 439 3584 587 3661; x_wconf 90' lang='lat' dir='ltr'>adimam,</span> <span class='ocrx_word' id='word_1_233' title='bbox 603 3582 678 3648; x_wconf 83' lang='lat' dir='ltr'>huia</span> <span class='ocrx_word' id='word_1_234' title='bbox 693 3583 774 3648; x_wconf 92' lang='lat' dir='ltr'>dem.</span> 
     </span>
     <span class='ocr_line' id='line_1_34' title="bbox 685 3683 1368 3770; baseline 0.001 -20"><span class='ocrx_word' id='word_1_235' title='bbox 685 3687 735 3751; x_wconf 79' lang='lat' dir='ltr'>ST.</span> <span class='ocrx_word' id='word_1_236' title='bbox 759 3687 842 3763; x_wconf 81' lang='lat' dir='ltr'>Quoi</span> <span class='ocrx_word' id='word_1_237' title='bbox 856 3685 964 3770; x_wconf 82' lang='lat' dir='ltr'>peculi</span> <span class='ocrx_word' id='word_1_238' title='bbox 978 3684 1060 3748; x_wconf 84' lang='lat' dir='ltr'>nibil</span> <span class='ocrx_word' id='word_1_239' title='bbox 1076 3690 1134 3759; x_wconf 88' lang='lat' dir='ltr'>est,</span> <span class='ocrx_word' id='word_1_240' title='bbox 1148 3691 1234 3749; x_wconf 87' lang='lat' dir='ltr'>recte</span> <span class='ocrx_word' id='word_1_241' title='bbox 1249 3683 1368 3751; x_wconf 77' lang='lat' dir='ltr'>feceris.</span> 
     </span>
    </p>
   </div>
   <div class='ocr_carea' id='block_1_5' title="bbox 267 3793 1372 4517">
    <p class='ocr_par' dir='ltr' id='par_1_5' title="bbox 267 3793 1372 4516">
     <span class='ocr_line' id='line_1_35' title="bbox 304 3793 1370 3865; baseline -0.001 -15"><span class='ocrx_word' id='word_1_242' title='bbox 304 3799 337 3851; x_wconf 93' lang='lat'>10</span> <span class='ocrx_word' id='word_1_243' title='bbox 354 3796 502 3851; x_wconf 86' lang='lat' dir='ltr'>adsimules</span> <span class='ocrx_word' id='word_1_244' title='bbox 513 3814 570 3852; x_wconf 83' lang='lat' dir='ltr'>esse</span> <span class='ocrx_word' id='word_1_245' title='bbox 582 3797 614 3865; x_wconf 83' lang='lat' dir='ltr'>B,</span> <span class='ocrx_word' id='word_1_246' title='bbox 627 3795 769 3851; x_wconf 88' lang='lat' dir='ltr'>assimules</span> <span class='ocrx_word' id='word_1_247' title='bbox 780 3814 837 3850; x_wconf 88' lang='lat' dir='ltr'>esse</span> <span class='ocrx_word' id='word_1_248' title='bbox 849 3796 879 3864; x_wconf 82' lang='lat' dir='ltr'>J,</span> <span class='ocrx_word' id='word_1_249' title='bbox 891 3812 947 3850; x_wconf 87' lang='lat' dir='ltr'>esse</span> <span class='ocrx_word' id='word_1_250' title='bbox 959 3793 1098 3849; x_wconf 87' lang='lat' dir='ltr'>adsimiles</span> <span class='ocrx_word' id='word_1_251' title='bbox 1108 3794 1194 3863; x_wconf 72' lang='lat' dir='ltr'>Boot,</span> <span class='ocrx_word' id='word_1_252' title='bbox 1203 3812 1259 3849; x_wconf 88' lang='lat' dir='ltr'>esse</span> <span class='ocrx_word' id='word_1_253' title='bbox 1271 3795 1370 3849; x_wconf 87' lang='lat' dir='ltr'>adsim-</span> 
     </span>
     <span class='ocr_line' id='line_1_36' title="bbox 267 3878 1370 3950; baseline -0.001 -17"><span class='ocrx_word' id='word_1_254' title='bbox 267 3878 382 3934; x_wconf 79' lang='lat' dir='ltr'>ulesFl.</span> <span class='ocrx_word' id='word_1_255' title='bbox 490 3882 521 3933; x_wconf 91' lang='lat' dir='ltr'>ll</span> <span class='ocrx_word' id='word_1_256' title='bbox 541 3880 659 3934; x_wconf 84' lang='lat' dir='ltr'>tuendae</span> <span class='ocrx_word' id='word_1_257' title='bbox 670 3881 701 3935; x_wconf 85' lang='lat' dir='ltr'>J.</span> <span class='ocrx_word' id='word_1_258' title='bbox 808 3882 842 3933; x_wconf 91' lang='grc'>12</span> <span class='ocrx_word' id='word_1_259' title='bbox 859 3895 1021 3950; x_wconf 90' lang='lat' dir='ltr'>erumpnam</span> <span class='ocrx_word' id='word_1_260' title='bbox 1032 3878 1062 3932; x_wconf 87' lang='lat' dir='ltr'>J.</span> <span class='ocrx_word' id='word_1_261' title='bbox 1165 3880 1199 3931; x_wconf 91' lang='grc'>14</span> <span class='ocrx_word' id='word_1_262' title='bbox 1215 3885 1320 3933; x_wconf 87' lang='lat' dir='ltr'>seruost</span> <span class='ocrx_word' id='word_1_263' title='bbox 1337 3881 1370 3948; x_wconf 85' lang='lat' dir='ltr'>B,</span> 
     </span>
     <span class='ocr_line' id='line_1_37' title="bbox 268 3960 1370 4034; baseline 0.001 -19"><span class='ocrx_word' id='word_1_264' title='bbox 268 3979 362 4016; x_wconf 86' lang='lat' dir='ltr'>seruus</span> <span class='ocrx_word' id='word_1_265' title='bbox 374 3963 404 4017; x_wconf 86' lang='lat' dir='ltr'>J.</span> <span class='ocrx_word' id='word_1_266' title='bbox 475 3962 609 4034; x_wconf 87' lang='lat' dir='ltr'>surripuit</span> <span class='ocrx_word' id='word_1_267' title='bbox 620 3964 675 4018; x_wconf 80' lang='lat' dir='ltr'>BJ,</span> <span class='ocrx_word' id='word_1_268' title='bbox 732 3965 765 4016; x_wconf 87' lang='lat'>16</span> <span class='ocrx_word' id='word_1_269' title='bbox 782 3962 964 4034; x_wconf 88' lang='lat' dir='ltr'>peoeuliarem</span> <span class='ocrx_word' id='word_1_270' title='bbox 976 3965 1003 4015; x_wconf 89' lang='lat' dir='ltr'>J.</span> <span class='ocrx_word' id='word_1_271' title='bbox 1059 3962 1091 4015; x_wconf 84' lang='lat'>17</span> <span class='ocrx_word' id='word_1_272' title='bbox 1110 3978 1175 4014; x_wconf 89' lang='lat' dir='ltr'>nam</span> <span class='ocrx_word' id='word_1_273' title='bbox 1183 3960 1370 4030; x_wconf 84' lang='lat' dir='ltr'>hunoexBJ‚</span> 
     </span>
     <span class='ocr_line' id='line_1_38' title="bbox 268 4042 1370 4115; baseline -0.001 -17"><span class='ocrx_word' id='word_1_274' title='bbox 268 4062 323 4098; x_wconf 86' lang='lat' dir='ltr'>una</span> <span class='ocrx_word' id='word_1_275' title='bbox 334 4045 382 4099; x_wconf 78' lang='lat' dir='ltr'>Br.</span> <span class='ocrx_word' id='word_1_276' title='bbox 471 4048 504 4100; x_wconf 90' lang='lat'>19</span> <span class='ocrx_word' id='word_1_277' title='bbox 521 4045 638 4099; x_wconf 81' lang='lat' dir='ltr'>aduxtin</span> <span class='ocrx_word' id='word_1_278' title='bbox 652 4045 798 4113; x_wconf 85' lang='lat' dir='ltr'>(adduxtin</span> <span class='ocrx_word' id='word_1_279' title='bbox 809 4045 845 4114; x_wconf 79' lang='lat' dir='ltr'>J)</span> <span class='ocrx_word' id='word_1_280' title='bbox 864 4044 947 4098; x_wconf 92' lang='lat' dir='ltr'>illum</span> <span class='ocrx_word' id='word_1_281' title='bbox 958 4043 1042 4097; x_wconf 88' lang='lat' dir='ltr'>huius</span> <span class='ocrx_word' id='word_1_282' title='bbox 1054 4042 1144 4099; x_wconf 90' lang='lat' dir='ltr'>filium</span> <span class='ocrx_word' id='word_1_283' title='bbox 1156 4044 1298 4115; x_wconf 84' lang='lat' dir='ltr'>captiuum</span> <span class='ocrx_word' id='word_1_284' title='bbox 1314 4043 1370 4111; x_wconf 86' lang='lat' dir='ltr'>BJ,</span> 
     </span>
     <span class='ocr_line' id='line_1_39' title="bbox 267 4127 1369 4200; baseline -0.002 -18"><span class='ocrx_word' id='word_1_285' title='bbox 267 4128 353 4183; x_wconf 76' lang='lat' dir='ltr'>illunc</span> <span class='ocrx_word' id='word_1_286' title='bbox 365 4129 421 4197; x_wconf 71' lang='lat' dir='ltr'>Ba,</span> <span class='ocrx_word' id='word_1_287' title='bbox 439 4130 578 4200; x_wconf 83' lang='lat' dir='ltr'>captiuom</span> <span class='ocrx_word' id='word_1_288' title='bbox 589 4130 679 4184; x_wconf 86' lang='lat' dir='ltr'>filium</span> <span class='ocrx_word' id='word_1_289' title='bbox 691 4130 772 4184; x_wconf 72' lang='lat' dir='ltr'>lind.</span> <span class='ocrx_word' id='word_1_290' title='bbox 868 4132 903 4182; x_wconf 88' lang='grc'>22</span> <span class='ocrx_word' id='word_1_291' title='bbox 920 4145 995 4181; x_wconf 86' lang='lat' dir='ltr'>nuno</span> <span class='ocrx_word' id='word_1_292' title='bbox 1006 4127 1035 4181; x_wconf 88' lang='lat' dir='ltr'>J.</span> <span class='ocrx_word' id='word_1_293' title='bbox 1125 4132 1159 4182; x_wconf 89' lang='grc'>23</span> <span class='ocrx_word' id='word_1_294' title='bbox 1175 4128 1267 4180; x_wconf 65' lang='lat' dir='ltr'>meato</span> <span class='ocrx_word' id='word_1_295' title='bbox 1285 4127 1369 4180; x_wconf 80' lang='lat' dir='ltr'>Besso.</span> 
     </span>
     <span class='ocr_line' id='line_1_40' title="bbox 269 4209 1370 4286; baseline -0.004 -21"><span class='ocrx_word' id='word_1_296' title='bbox 269 4215 303 4264; x_wconf 88' lang='grc'>24</span> <span class='ocrx_word' id='word_1_297' title='bbox 322 4219 343 4266; x_wconf 77' lang='lat' dir='ltr'>te</span> <span class='ocrx_word' id='word_1_298' title='bbox 360 4213 404 4266; x_wconf 73' lang='lat' dir='ltr'>Fr.</span> <span class='ocrx_word' id='word_1_299' title='bbox 447 4213 582 4267; x_wconf 88' lang='lat' dir='ltr'>tuneBJ.</span> <span class='ocrx_word' id='word_1_300' title='bbox 625 4215 659 4267; x_wconf 93' lang='grc'>26</span> <span class='ocrx_word' id='word_1_301' title='bbox 677 4213 813 4286; x_wconf 83' lang='lat' dir='ltr'>audissem</span> <span class='ocrx_word' id='word_1_302' title='bbox 825 4230 870 4266; x_wconf 89' lang='lat' dir='ltr'>me</span> <span class='ocrx_word' id='word_1_303' title='bbox 881 4210 936 4266; x_wconf 90' lang='lat' dir='ltr'>BJ.</span> <span class='ocrx_word' id='word_1_304' title='bbox 1000 4215 1034 4264; x_wconf 87' lang='grc'>28</span> <span class='ocrx_word' id='word_1_305' title='bbox 1052 4210 1110 4281; x_wconf 82' lang='lat' dir='ltr'>Ego</span> <span class='ocrx_word' id='word_1_306' title='bbox 1122 4228 1184 4264; x_wconf 88' lang='lat' dir='ltr'>sum</span> <span class='ocrx_word' id='word_1_307' title='bbox 1200 4209 1255 4275; x_wconf 92' lang='lat' dir='ltr'>BJ,</span> <span class='ocrx_word' id='word_1_308' title='bbox 1274 4222 1301 4260; x_wconf 83' lang='lat' dir='ltr'>Is</span> <span class='ocrx_word' id='word_1_309' title='bbox 1313 4222 1370 4261; x_wconf 77' lang='lat' dir='ltr'>ado</span> 
     </span>
     <span class='ocr_line' id='line_1_41' title="bbox 269 4293 1372 4368; baseline -0.002 -19"><span class='ocrx_word' id='word_1_310' title='bbox 269 4309 326 4349; x_wconf 82' lang='lat' dir='ltr'>sru</span> <span class='ocrx_word' id='word_1_311' title='bbox 345 4295 381 4348; x_wconf 81' lang='lat' dir='ltr'>A.</span> <span class='ocrx_word' id='word_1_312' title='bbox 434 4295 484 4350; x_wconf 80' lang='grc' dir='ltr'>ΤΥ.</span> <span class='ocrx_word' id='word_1_313' title='bbox 504 4295 689 4368; x_wconf 76' lang='lat' dir='ltr'>Compedibus</span> <span class='ocrx_word' id='word_1_314' title='bbox 706 4297 736 4352; x_wconf 82' lang='lat' dir='ltr'>J.</span> <span class='ocrx_word' id='word_1_315' title='bbox 792 4300 826 4350; x_wconf 88' lang='grc'>29</span> <span class='ocrx_word' id='word_1_316' title='bbox 844 4312 947 4364; x_wconf 88' lang='lat' dir='ltr'>seruus,</span> <span class='ocrx_word' id='word_1_317' title='bbox 960 4311 1023 4348; x_wconf 78' lang='lat' dir='ltr'>corr.</span> <span class='ocrx_word' id='word_1_318' title='bbox 1038 4301 1062 4348; x_wconf 84' lang='lat' dir='ltr'>to</span> <span class='ocrx_word' id='word_1_319' title='bbox 1074 4310 1115 4347; x_wconf 72' lang='grc' dir='ltr'>-οι</span> <span class='ocrx_word' id='word_1_320' title='bbox 1126 4293 1154 4347; x_wconf 86' lang='lat' dir='ltr'>J.</span> <span class='ocrx_word' id='word_1_321' title='bbox 1208 4293 1239 4343; x_wconf 83' lang='lat'>31</span> <span class='ocrx_word' id='word_1_322' title='bbox 1261 4304 1372 4348; x_wconf 80' lang='lat' dir='ltr'>saavvs</span> 
     </span>
     <span class='ocr_line' id='line_1_42' title="bbox 270 4377 800 4516; baseline 0.006 -84"><span class='ocrx_word' id='word_1_323' title='bbox 270 4377 322 4433; x_wconf 88' lang='lat' dir='ltr'>Cui</span> <span class='ocrx_word' id='word_1_324' title='bbox 334 4379 435 4450; x_wconf 82' lang='lat' dir='ltr'>peculii</span> <span class='ocrx_word' id='word_1_325' title='bbox 454 4380 483 4435; x_wconf 88' lang='lat' dir='ltr'>J.</span> <span class='ocrx_word' id='word_1_326' title='bbox 780 4453 800 4516; x_wconf 73' lang='lat'>2</span> 
     </span>
    </p>

    <p class='ocr_par' dir='ltr' id='par_1_6' title="bbox 738 4469 759 4517">
     <span class='ocr_line' id='line_1_43' title="bbox 738 4469 759 4517; baseline 0 0"><span class='ocrx_word' id='word_1_327' title='bbox 738 4469 759 4517; x_wconf 83' lang='lat' dir='ltr'><strong>E</strong></span> 
     </span>
    </p>
   </div>
   <div class='ocr_carea' id='block_1_6' title="bbox 0 0 1629 4726">
    <p class='ocr_par' dir='ltr' id='par_1_7' title="bbox 0 0 1629 4726">
     <span class='ocr_line' id='line_1_44' title="bbox 0 0 1629 4726; baseline 0 0"><span class='ocrx_word' id='word_1_328' title='bbox 0 0 1629 4726; x_wconf 95' lang='lat' dir='ltr'> </span> 
     </span>
    </p>
   </div>
  </div>
 </body>
</html>
