3198 4726
224 209 283 272 Ἰ30
725 221 869 273 enirn
1103 206 1345 294 [n14.46-67

240 370 295 433 ΤΥ.
327 365 402 433 Ndn
418 367 567 451 equidem
581 387 633 432 me
647 367 806 445 Liberum
821 367 878 432 sed
892 365 1105 432 Philocratem
1120 386 1189 432 esse
1200 365 1259 432 eid.

386 487 388 490 ’
1087 469 1149 535 Ait
1173 470 1260 548 Quid
1274 474 1347 536 esti

326 549 374 637 it
389 572 550 649 scelestus,
566 571 679 656 Hegio,
693 593 781 637 nune
795 574 857 638 iste
871 578 899 637 te
914 569 1007 637 ludds
1021 572 1107 639 feeit.

165 683 227 746 580
327 675 411 740 Nem
427 675 516 741 iseet
527 695 635 741 seruos
646 675 714 759 ipse
726 696 831 759 neque
841 674 967 760 praeter
981 696 1015 742 se
1025 696 1181 762 umquem
1192 675 1224 741 ei
1238 673 1347 742 derude

887 778 958 843 fuit

240 880 295 944 ΤΥ.
328 881 412 958 Quia
425 887 496 945 tute
510 881 580 964 ipse
595 879 667 966 egee
681 880 717 944 in
730 881 835 964 petria
848 880 908 946 nde
919 881 984 965 tibi
997 881 1055 963 qui
1068 880 1162 946 uiute
1176 881 1303 958 domist,

328 973 443 1048 Omnis
458 983 598 1048 inueniri
612 983 728 1048 similis
743 984 803 1048 tibi
817 984 886 1049 uis:
909 1004 975 1048 non
988 982 1106 1047 minim
1121 984 1217 1049 faeie:
1305 985 1346 1047 50

327 1073 385 1152 Est
394 1087 590 1162 miserorum,
599 1095 638 1151 ut
647 1085 877 1151 mileuolentee
886 1086 952 1151 sint
962 1093 1058 1171 etque
1068 1085 1237 1151 inuidednt
1245 1087 1346 1152 bonis.

240 1190 299 1253 ΑΥ.
326 1188 439 1272 Hegio,
454 1188 529 1253 uide
545 1189 588 1253 sie
603 1208 645 1254 ne
660 1188 739 1272 quid
753 1195 790 1252 tu
805 1188 882 1253 huie
896 1188 1016 1254 timere
1030 1189 1161 1254 insistes
1175 1189 1318 1255 erddere:

327 1270 437 1374 dtque
445 1298 483 1356 ut
491 1289 649 1375 perspieid
660 1293 801 1375 profecto
810 1291 877 1356 iem
887 1292 1012 1376 aliquid
1020 1291 1146 1377 pugnae
1155 1292 1261 1357 dedit:
1393 1294 1396 1298 ’

327 1394 449 1459 Filium
463 1399 554 1459 tuom
575 1391 662 1478 qudd
678 1394 834 1459 redimere
856 1416 891 1459 se
905 1395 960 1472 eit,
982 1396 1016 1459 id
1038 1395 1245 1479 neutiquam
1265 1394 1348 1460 mihi

814 1510 816 1515 ·
888 1497 1001 1581 placet
1306 1499 1348 1562 54

242 1601 297 1665 ΤΥ.
329 1599 486 1665 Scioteid
497 1599 584 1665 nolle
594 1599 685 1664 fierit
708 1600 850 1665 ecficiam
859 1600 1086 1686 temenegoid
1098 1600 1173 1672 eidi
1183 1600 1347 1665 ddiuuant.

330 1683 430 1768 illum
444 1704 611 1768 restituam
622 1702 706 1780 huic,
717 1703 771 1767 hic
786 1709 894 1768 eutem
908 1703 945 1768 in
955 1682 1087 1769 Alidem
1097 1725 1150 1771 me
1159 1702 1232 1771 med
1246 1703 1349 1789 patri:

329 1804 500 1890 Prdpterea
514 1805 555 1870 ad
569 1813 694 1890 petrem
708 1806 784 1871 hine
798 1808 893 1872 amisi
907 1807 1100 1892 Tyndarum

132 1993 133 1997 Ἰ
385 1918 386 1921 ’
886 1944 888 1949 <
984 1911 1046 1976 An.
1070 1896 1158 1988 Quin
1168 1909 1239 1975 tdte
1253 1910 1282 1975 is
1297 1930 1348 1975 es:

168 2024 230 2087 590
329 2010 444 2094 quue
454 2019 580 2096 praeter
590 2019 623 2077 te
638 1988 779 2076 indiide
790 2012 877 2078 ullus
889 2011 997 2078 seruos
1007 2014 1089 2079 ietoe
1099 2011 1268 2078 ndminest

244 2115 298 2180 ΤΥ.
330 2114 446 2199 Pdrgin
470 2135 597 2179 seruum
619 2134 672 2179 me
698 2114 886 2199 exprobrare
912 2137 989 2193 esse,
1012 2117 1047 2180 id
1071 2116 1158 2201 quod
1179 2117 1216 2180 ui
1237 2115 1349 2180 hostili

893 2216 1032 2304 dbugitt

245 2320 306 2385 ΑΥ.
333 2304 429 2383 Enim
443 2318 509 2384 iam
523 2340 646 2403 nequeo
662 2318 826 2386 edntineri

654 2424 708 2489 ΤΥ.
731 2425 832 2502 Heus,
847 2423 948 2489 addin
962 2423 1041 2509 quid
1055 2423 1124 2489 uiti
1147 2424 1226 2508 quin
1240 2423 1349 2509 fugis?

331 2525 404 2590 lem
417 2525 485 2589 illie
499 2525 553 2589 hie
567 2546 625 2590 nos
640 2526 811 2593 insectabit
824 2527 995 2612 lepidibus,
1010 2527 1074 2593 nisi
1088 2525 1190 2593 illine
1203 2528 1295 2593 iubes
1308 2529 1348 2591 61

332 2626 564 2712 Cdnprehendi
768 2617 770 2621 ’
1321 2613 1324 2618 ’

518 2730 578 2796 ΑΒ.
602 2730 740 2798 Ordeior.

686 2837 740 2900 ΤΥ.
762 2836 888 2901 Ardent
902 2834 1003 2901 deuii:
1025 2837 1102 2902 fune
1114 2841 1217 2920 opust,
1229 2834 1350 2922 Hegio:

332 2937 440 3002 Viden
455 2943 492 3001 tu
506 2937 556 3001 illi
571 2939 725 3004 maeuldri
740 2960 853 3022 eorpus
864 2938 969 3005 tdtum
980 2939 1115 3005 maculis
1129 2939 1264 3005 ldridisi

333 3021 415 3107 iera
429 3040 504 3107 uus
519 3041 620 3128 tgitat
633 3042 805 3108 hominem

747 3147 806 3210 Au
830 3146 876 3210 At
889 3143 944 3229 pdl
959 3152 1000 3223 te,
1016 3146 1044 3210 si
1057 3146 1111 3210 hic
1126 3145 1231 3229 sapidt
1245 3165 1351 3221 senex,

334 3249 395 3313 Pix
410 3255 479 3312 atre
494 3248 593 3332 agitet
608 3247 694 3332 tpud
709 3250 900 3313 carnuficem
915 3246 1036 3332 tudque
1051 3249 1149 3332 capiti
1163 3246 1311 3313 inhieeat.

248 3353 303 3418 ΤΥ.
335 3353 406 3416 Idm
421 3348 629 3416 deliramdnta
642 3349 794 3434 loquitur,
808 3351 917 3416 ltruae
932 3351 1102 3417 stimulent
1116 3352 1231 3417 uirum
1311 3352 1351 3414 66

249 3458 312 3522 ΗΥ.
335 3454 421 3533 Quid
435 3453 509 3518 etei
530 3452 608 3537 quid
622 3453 652 3517 si
664 3452 751 3518 hune
767 3452 981 3538 ednprehendi
995 3453 1166 3519 iusserim?
1303 3466 1305 3471 ’

284 3659 320 3712 47
339 3656 452 3713 teIsiud.
553 3659 588 3710 48
606 3672 635 3710 ee
646 3672 779 3727 umquem
790 3671 884 3710 seruos
900 3655 934 3725 B,
946 3672 1011 3710 eum
1022 3654 1169 3727 quisquam
1179 3654 1206 3710 ei
1217 3672 1312 3709 semus
1323 3655 1352 3709 J.

251 3743 287 3794 50
302 3741 428 3795 inuenire
435 3741 488 3809 BJ‚
506 3740 628 3794 inueniri
641 3740 699 3795 dod.
713 3740 785 3795 Min.
855 3744 888 3794 tl
908 3739 1022 3794 indeent
1033 3739 1066 3793 B.
1137 3742 1172 3795 63
1189 3739 1283 3810 Atque
1294 3757 1354 3811 pen

250 3822 336 3894 spicio
348 3824 376 3876 J.
411 3823 516 3877 aedidit
523 3823 607 3893 Bw),
620 3822 708 3877 edidit
717 3824 745 3891 J,
758 3821 835 3877 dedit
843 3821 945 3892 δείσῃ).
982 3825 1017 3876 64
1028 3820 1059 3875 id
1070 3838 1105 3876 ne
1116 3820 1231 3892 inquam
1242 3821 1313 3875 mihi
1324 3821 1352 3876 J.

251 3911 286 3961 66
298 3905 412 3961 efficiam
420 3906 449 3959 J.
474 3906 551 3960 diiJ.
588 3911 623 3960 68
635 3911 755 3978 praeter.
767 3947 773 3960 .
783 3912 811 3960 te
822 3905 851 3960 J.
888 3910 923 3960 60
935 3906 1106 3960 continuedto
1117 3906 1200 3976 Tynd.
1208 3907 1238 3961 J.
1258 3905 1354 3960 Enim

250 4006 316 4044 uero
328 3989 384 4043 iem
396 3987 449 4058 BJ,
466 3988 551 4043 Enim
562 3989 619 4044 iem
630 3989 705 4044 Both.
752 3988 831 4044 Heus
841 3994 874 4043 tu
886 3988 954 4060 quid
966 3989 1024 4060 egis
1036 3989 1185 4060 (initium
1197 3996 1222 4044 to
1235 3989 1275 4044 tito
1286 4006 1355 4043 caune

251 4072 362 4145 make)
374 4073 402 4126 J.
474 4075 507 4125 61
526 4072 705 4126 insectabitur
715 4073 743 4127 J.
806 4077 841 4126 62
858 4072 932 4127 neuh'
943 4072 976 4126 fit
987 4073 1056 4145 opn‘s
1067 4073 1120 4142 Bt,
1133 4072 1199 4127 fune
1213 4072 1271 4147 ded
1281 4073 1353 4127 Min.

252 4161 288 4212 64
304 4157 409 4228 agitent
420 4155 448 4209 J.
497 4158 531 4209 66
550 4157 619 4210 Atre
629 4156 678 4226 pix
689 4156 742 4224 ΒΤ,
761 4154 884 4210 Pixetne
895 4155 976 4211 Istud
1019 4157 1125 4228 aputJ.
1180 4144 1268 4228 uenite
1281 4157 1354 4227 (corr.

253 4245 278 4295 to
290 4239 322 4311 -i)
334 4240 362 4294 J.
399 4238 434 4294 67
452 4237 492 4305 Q.
502 4277 509 4291 .
520 4238 555 4291 .d
566 4238 635 4309 quid
644 4237 686 4308 131,
703 4238 756 4293 -ui·
770 4238 873 4309 (added)
886 4238 930 4309 ΒΤ,
947 4239 1046 4295 Hercle
1058 4239 1126 4311 quid
1136 4241 1166 4310 J,
1185 4241 1227 4294 aie
1238 4238 1354 4310 Seyffert.
