3198 4726
185 340 189 348 .
220 256 288 319 112.
305 257 447 342 36-60]
694 270 853 323 orrrrrfr.
1273 253 1323 361 v17

220 416 282 481 Ha.
305 417 466 483 Videlicet
479 419 608 504 propter
622 420 754 486 diuitias
768 421 908 486 luditum
923 418 957 484 id
972 417 1088 484 nomen
1104 417 1250 502 quasistl

220 520 278 586 ΡΗ.
306 499 410 586 lmmo
425 523 538 607 edepol
551 522 680 609 propter
694 524 862 588 auaritiam
876 524 978 607 ipslus
994 529 1090 606 atque
1105 521 1279 587 audaciam.

304 623 338 687 N
338 620 391 688 am
404 625 460 690 ffle
475 627 606 709 quidem
619 625 890 691 Theoddromedes
904 625 968 690 fuit
981 645 1131 711 germano
1141 622 1279 688 ndmine.
1305 704 1309 709 ν

219 725 281 791 Hu
305 726 391 805 duro
402 734 439 792 tu
450 720 497 793 oie
509 733 521 794 2
535 729 675 795 tendxne
686 736 836 814 paterest
848 729 939 795 eiust

843 833 902 898 ΡΗ.
918 833 1022 897 Immo
1034 831 1148 916 edepol
1157 829 1323 915 pertinax:

142 929 205 994 290
306 934 393 1011 Quln
422 935 521 1000 etiam
549 941 587 1000 ut
615 936 716 1021 magis
746 934 865 1013 ndsoaa
894 936 989 1022 genio
1019 935 1077 1001 ado
1110 934 1167 999 ubi
1195 933 1323 1017 quondo

866 1039 1040 1117 saorufioat,
1278 1037 1322 1101 40

303 1119 358 1205 ld
371 1161 440 1206 rem
454 1142 599 1206 diuinam
614 1144 731 1227 quibus
746 1151 795 1209 est
809 1163 889 1227 opus
905 1142 1021 1207 samiis
1036 1143 1122 1207 uasis
1136 1140 1247 1218 dtitur,

304 1244 355 1321 Ne
370 1246 439 1329 ipse
453 1246 566 1330 genius
581 1245 766 1330 subrupiot:
787 1245 921 1330 proinde
935 1245 1007 1312 aliis
1022 1253 1060 1311 ut
1075 1245 1182 1311 oreddt
1196 1245 1278 1309 uide.

218 1348 280 1412 ΗΕ
304 1347 442 1432 Sequere
464 1348 525 1413 hae
547 1371 599 1415 me
623 1350 727 1435 igitur.
781 1349 892 1415 eddem
915 1371 973 1434 ego
997 1370 1038 1414 ex
1059 1349 1121 1413 hoo
1143 1346 1225 1433 quae
1249 1347 1329 1412 uolo·

863 1452 1072 1537 exquisluero.
1174 1472 1181 1481 ·
1241 1515 1245 1519 .

304 1553 509 1631 Philocrates,
524 1555 577 1620 hie
591 1554 668 1620 feeit
682 1555 847 1620 hominem
861 1545 946 1641 frdgi
960 1564 998 1620 ut
1012 1557 1115 1620 faeere
1130 1552 1278 1638 opdrtuit.

304 1657 390 1720 Nom
410 1679 467 1742 ego
487 1679 528 1722 ex
542 1658 603 1723 huo
622 1679 686 1742 quo
705 1657 819 1743 gdnere
840 1667 956 1743 gnatus
972 1660 1016 1724 sle
1031 1659 1113 1724 soio:
1136 1657 1188 1722 hio
1203 1656 1323 1721 fassdat
1373 1696 1377 1705 ·

865 1761 954 1826 mihi.
1278 1761 1320 1824 45

305 1862 395 1929 Haeo
409 1870 446 1928 tu
461 1864 572 1929 eadem
586 1864 614 1928 si
629 1863 772 1930 odnfiteri
787 1866 846 1941 uls,
860 1871 917 1929 tua
931 1888 966 1929 aro
979 1886 1013 1930 re
1028 1864 1148 1943 fdeerio,

305 1966 394 2043 Quae
409 1973 518 2032 tamen
531 1968 611 2033 seito
626 1968 705 2033 eolre
720 1990 772 2034 me
788 1990 828 2033 ex
842 1969 910 2035 hoe.

825 2073 879 2138 Tr.
902 2072 992 2138 Fecit
1003 2073 1143 2137 officium
1154 2071 1207 2136 hlo
1221 2093 1321 2148 suom,

304 2171 409 2252 Quom
423 2175 517 2240 tibist
531 2176 693 2241 confessus
708 2198 828 2252 uerum,
844 2176 1038 2260 quamquam
1051 2175 1143 2240 uolui
1156 2174 1267 2240 eddulo

303 2278 413 2342 Medm
427 2279 629 2344 nobilitatem
643 2278 802 2344 dooultore
817 2288 850 2345 et
863 2278 964 2364 gdrrus
979 2285 1012 2343 et
1026 2277 1157 2343 diuitias
1171 2298 1266 2354 meaa,

302 2379 425 2465 Hegio:
446 2403 534 2446 nuno
549 2382 676 2466 quando
690 2383 828 2466 petriam
843 2390 876 2447 et
889 2383 1071 2447 llbertatem
1086 2379 1218 2465 pdrdidi,
1279 2381 1320 2444 50

301 2484 335 2548 N
335 2481 377 2548 dn
388 2506 446 2570 ego
457 2485 564 2550 istuno
572 2507 624 2551 me
635 2484 742 2569 pdtius
751 2507 848 2570 quam
860 2493 894 2551 te
905 2484 1045 2550 mdtuere
1055 2504 1190 2567 aequom
1199 2483 1321 2550 censeo.

301 2587 361 2652 Vr's
375 2587 502 2652 hostilio
517 2610 591 2653 oum
605 2589 686 2654 lstoo
700 2590 777 2654 feeit
791 2589 878 2654 meets
893 2609 968 2674 opos
983 2587 1166 2673 oequdbiliu

301 2690 440 2756 Memini
450 2713 548 2776 quom
559 2693 644 2757 dioto
659 2690 746 2757 haud
761 2693 906 2770 audebat,
921 2693 1006 2757 fdoto
1017 2713 1104 2757 nune
1114 2691 1221 2756 laedat
1232 2691 1317 2757 lieet.

303 2793 365 2859 Sed
379 2794 501 2859 uiden?
522 2793 651 2860 fortdna
664 2796 805 2861 humana
819 2797 916 2881 flngit
929 2802 1076 2880 artatque
1090 2794 1128 2859 dt
1141 2794 1239 2860 lubet.

301 2897 357 2963 Me
369 2900 426 2981 qui
436 2898 517 2963 liber
528 2898 650 2964 fderam
665 2921 790 2964 seruom
805 2899 889 2977 feeit,
906 2921 923 2965 e
938 2920 1063 2963 summo
1077 2898 1256 2962 lnfumum:
1278 2899 1318 2962 55

301 3001 365 3079 Qui
379 3002 534 3085 lmperare
549 3002 718 3079 insueram,
733 3024 820 3067 nuno
835 3002 966 3067 alterius
980 3001 1114 3084 imperio
1129 2997 1291 3085 dbsequor.

301 3092 343 3169 Et
357 3106 488 3190 quidem
502 3106 531 3170 si
544 3105 678 3189 prolude
692 3113 729 3169 ut
743 3106 812 3189 ipso
826 3106 876 3170 fui
889 3105 1062 3190 imperator
1076 3103 1218 3169 familiae

300 3208 446 3274 Habeam
462 3209 636 3285 dominum,
656 3205 721 3274 ndn
736 3229 847 3273 uerear
860 3228 901 3274 ne
915 3206 1035 3272 irridete
1050 3213 1107 3272 aut
1120 3207 1259 3292 grauiter
1274 3208 1318 3272 mi

859 3311 1002 3395 lmperet

300 3415 412 3503 Hdgio,
428 3416 488 3481 hoo
503 3422 536 3480 te
553 3414 720 3492 mduitum,
735 3415 798 3480 nisi
813 3415 895 3481 forte
909 3415 978 3498 lpse
993 3434 1058 3479 non
1072 3414 1131 3491 uis,
1146 3411 1317 3479 udluereru.

135 3518 200 3582 310
215 3518 275 3583 ΗΕ.
300 3516 442 3603 ldquere
457 3520 613 3584 audacter.

326 3634 332 3649 ‘
444 3622 498 3686 Tu.
522 3623 601 3687 Tam
610 3620 667 3707 ego
678 3623 727 3686 fui
738 3629 813 3687 ante
822 3621 903 3687 llber
913 3641 1011 3705 quam
1021 3618 1138 3706 gnatrls
1150 3627 1230 3685 tuos.
1277 3622 1318 3685 60
1348 3702 1353 3711 Ι

248 3878 292 3943 36,
304 3874 338 3930 37
356 3874 614 3930 mutauerat.
625 3875 657 3929 io
668 3875 695 3929 J.
767 3874 802 3929 37
819 3873 907 3947 ipsius
918 3871 1098 3929 audaciamJ.
1160 3876 1195 3928 38
1213 3873 1272 3927 illio
1283 3873 1317 3942 Β,

211 3956 256 4013 illi
267 3958 296 4027 J,
309 3957 358 4015 ille
371 3958 447 4029 (ἔσῃ).
518 3957 649 4013 theodoro
661 3957 754 4012 medes
764 3958 792 4011 J.
872 3960 907 4012 ³9
925 3956 984 4010 eiua
995 3956 1075 4010 eatJ.
1151 3958 1185 4010 41
1205 3956 1277 4010 vasis
1287 3956 1316 4009 J.

212 4044 248 4095 42
266 4040 400 4112 subripiet
412 4040 445 4108 B,
458 4039 588 4112 surripiat
598 4040 625 4093 J.
750 4039 822 4095 alius
833 4043 861 4094 et
872 4039 900 4093 J.
1024 4042 1059 4093 43
1077 4039 1270 4110 exquaesiue'ro
1283 4038 1315 4091 B.

212 4131 247 4180 46
265 4124 302 4180 aio
314 4164 321 4178 .
334 4165 342 4180 .
355 4125 410 4180 seio
422 4125 453 4180 J.
571 4128 607 4180 46
623 4142 653 4178 ee
664 4124 710 4180 Br.
824 4124 859 4178 47
877 4123 932 4178 eeio
946 4122 1077 4193 BD(S)J,
1089 4121 1156 4181 seito
1170 4121 1228 4177 oea
1239 4121 1311 4175 Maru

211 4213 247 4262 48
264 4225 428 4281 quemptaro
437 4206 540 4276 Lod,
552 4207 626 4262 Boot.
706 4210 741 4261 50
759 4205 853 4278 Egi03
871 4206 955 4262 Nono
966 4206 1084 4279 patriam
1095 4204 1122 4258 J.
1207 4207 1244 4257 54
1259 4202 1316 4257 fur-

211 4298 281 4346 tuna
291 4291 318 4345 J.
391 4296 425 4345 56
443 4291 571 4347 infimum
584 4291 636 4346 BJ.
709 4293 744 4345 59
763 4289 835 4347 Heio
846 4290 879 4346 B.
1021 4304 1027 4311 “

749 4396 772 4444 Ο
