3198 4726
184 185 278 274 Ξ”·6
740 219 884 271 erarii
1047 288 1051 294 Ι
1115 201 1361 288 [raen25-56

104 347 948 453 .·'‹'.::³123·.Vifaia³oelll,etpituralterfffius.
1260 352 1265 357 ’
1319 362 1360 427 25

341 471 491 538 Medicus
506 473 699 538 Menarchus
714 472 793 537 emit
807 471 928 536 ibidem
942 469 978 533 in
992 445 1097 533 ilice.

343 577 458 662 Coepit
473 578 618 660 captiuos
633 575 827 645 cdnmercari
842 573 894 639 hic
908 550 1015 649 ileos,

343 678 476 764 Siquem
489 680 626 763 reperire
640 677 757 765 pdsset,
772 678 830 761 qui
843 676 949 741 mutet
963 697 1062 752 suom,

342 781 443 847 Ilhim
458 785 638 867 captiuam:
659 783 746 847 hunc
761 780 853 847 stom
868 800 936 845 essa
951 780 1054 844 nescit
1069 779 1125 863 qui
1140 778 1265 843 domist.

341 886 386 950 Et
400 884 553 970 qudniam
566 886 636 951 heri
649 885 840 961 indaudiuit,
855 883 896 948 de
910 881 1036 948 summd
1050 883 1120 946 loca
1320 883 1360 946 30

342 988 538 1073 Summdque
552 1009 666 1076 genere
681 987 812 1072 captum
827 1008 895 1052 esse
910 986 1053 1070 equitem
1067 963 1195 1063 Aleum,

216 1124 218 1126 ·
341 1092 401 1156 Nil
414 1090 516 1175 pretio
530 1093 639 1176 parsit,
653 1091 723 1155 filie
738 1091 819 1155 dum
830 1089 990 1173 parceret:

341 1193 559 1260 Recdnciliare
573 1200 612 1258 ut
625 1193 752 1258 fdcilius
767 1188 876 1277 pessit
890 1190 1029 1268 domum,

341 1296 431 1361 Emit
445 1297 485 1362 de
499 1298 617 1380 praeda
630 1297 726 1361 hosce
741 1296 851 1360 ambos
866 1318 885 1360 a
900 1293 1129 1379 quaestdribus.

340 1400 440 1465 Hisce
455 1398 563 1464 autem
578 1401 662 1465 inter
677 1421 745 1465 sese
759 1397 847 1463 hunc
862 1395 1086 1462 confinxerunt
1098 1396 1216 1473 dolum,
1319 1398 1359 1461 35

342 1503 414 1580 Quo
428 1503 523 1587 pacto
537 1505 566 1568 is
581 1525 689 1569 seruos
705 1502 797 1568 adom
812 1522 902 1567 erum
916 1501 993 1566 hinc
1007 1499 1137 1564 amittat
1152 1500 1291 1567 domum

341 1607 458 1690 ltaque
472 1608 602 1672 interae
618 1605 807 1672 conmutant
821 1611 945 1670 uestem
960 1611 993 1668 et
1007 1603 1155 1669 ndmina:

341 1709 416 1775 Illic
430 1718 563 1775 uocatur
577 1710 779 1786 Philocrates,
795 1709 849 1774 hic
863 1708 1049 1794 Tyndarus:

342 1813 450 1878 Huius
464 1813 528 1890 ille,
543 1813 597 1878 hic
610 1814 700 1878 illius
714 1811 810 1877 hddie
824 1812 886 1876 fert
900 1810 1081 1894 imaginem.

341 1917 384 1980 Et
398 1916 451 1980 hic
465 1915 560 1982 hddie
575 1917 725 1999 expediet
739 1915 822 1980 hanc
837 1916 929 1979 docte
944 1914 1105 1978 fallaciam
1318 1916 1361 1978 40

341 2020 385 2083 Et
399 2017 491 2083 sdcm
505 2040 595 2083 erum
610 2020 705 2084 faciet
719 2018 877 2083 libertatis
892 2016 1079 2100 cdnpetem:

341 2120 526 2205 Eodemque
540 2107 634 2206 pacto
649 2122 780 2186 fratrem
795 2121 935 2186 seruabit
950 2140 1042 2186 suom

341 2220 566 2305 Reduocmque
581 2223 677 2287 faciet
690 2222 828 2286 liberum
841 2222 877 2285 in
890 2222 1028 2304 patriam
1043 2221 1084 2284 dd
1098 2226 1222 2304 patrem

341 2323 531 2408 Inprudens,
546 2325 660 2390 itidem
675 2332 712 2391 ut
727 2323 821 2408 saepe
835 2325 900 2389 iam
914 2324 950 2387 in
965 2324 1076 2389 multis
1091 2323 1170 2388 locis

341 2428 420 2492 Plus
434 2428 573 2493 insciens
588 2429 662 2512 quis
676 2428 753 2493 fecit
768 2449 866 2512 quam
879 2425 1019 2512 prudens
1034 2428 1118 2494 boni.
1317 2428 1358 2492 45

341 2531 405 2596 Sed
419 2531 591 2598 inscientes
607 2532 665 2596 sual
680 2533 744 2597 sibi
757 2531 885 2596 fallacia
1397 2564 1401 2569 ·

341 2636 395 2699 Ita
408 2632 622 2718 adnparerunt
636 2633 669 2700 dt
684 2633 908 2700 confinxerunt
923 2634 1043 2711 dolum,

341 2738 470 2820 [Itaque
485 2737 520 2799 hi
535 2738 699 2802 ecnmenti
713 2738 752 2803 de
767 2758 826 2802 sua
840 2738 1013 2821 sententia]

340 2842 388 2904 Vt
401 2842 437 2904 in
451 2839 607 2906 seruitute
621 2842 675 2907 liic
690 2841 732 2904 ad
746 2860 838 2906 suom
853 2840 982 2905 maneat
996 2847 1137 2924 patrem:

341 2944 396 3008 Ita
408 2942 495 3008 minc
510 2944 659 3028 ignorans
674 2943 732 3009 sud
746 2944 809 3009 sibi
823 2944 923 3009 seruit
937 2945 1038 3028 patri.»
1319 2946 1360 3014 50

341 3046 540 3112 Homdnculi
555 3049 668 3132 quanti
684 3054 768 3126 sunt,
784 3069 881 3131 quem
895 3046 1051 3132 recdgitol

340 3151 431 3215 Haec
444 3149 495 3216 res
509 3159 621 3236 agetur
634 3152 736 3228 abbis,
750 3152 842 3216 uobis
857 3151 974 3216 idbula.

341 3253 403 3318 Sed
419 3252 549 3318 etiamst
562 3255 673 3337 paucis
688 3253 746 3320 uds
761 3255 848 3337 qued
861 3255 1000 3320 monitos
1014 3254 1180 3320 udluerim.

340 3354 485 3421 Proiecto
501 3358 649 3441 expediet
663 3356 792 3422 fabulae
806 3357 881 3422 huic
896 3358 1024 3441 operam
1039 3359 1130 3423 dare:

339 3458 416 3523 Ncn
430 3457 621 3542 pertractate
636 3460 753 3525 iactast
766 3482 872 3544 neque
885 3462 965 3526 item
980 3469 1017 3528 ut
1032 3460 1163 3539 ceterae,
1319 3460 1359 3525 55

340 3563 454 3647 Neque
469 3561 642 3647 spurcidici
656 3565 769 3628 insunt
782 3563 895 3630 udrsus
910 3564 1185 3630 inmemorabiles:

290 3711 324 3763 26
342 3708 435 3764 aulide
446 3711 474 3765 J.
540 3710 574 3766 27
593 3711 665 3783 cepit
677 3711 709 3767 B.
782 3712 927 3767 comercari
938 3713 969 3767 B.
1041 3712 1110 3767 alies
1123 3713 1177 3767 BJ.
1249 3717 1284 3771 28
1301 3730 1362 3785 rep·

253 3794 342 3864 perire
353 3792 382 3847 J.
456 3799 547 3865 posset
559 3812 621 3848 cum
633 3811 689 3866 quc
700 3794 753 3864 BJ‚
769 3796 856 3867 possit
867 3796 917 3867 qui
928 3796 969 3850 nl.
983 3797 1047 3851 with
1059 3813 1104 3851 cccc
1117 3799 1147 3867 os
1156 3796 1196 3851 tha
1207 3798 1267 3851 Pcl.
1283 3797 1360 3851 MSS.

255 3875 366 3930 30inde
378 3875 487 3929 audiuit
499 3878 532 3945 B,
541 3878 606 3932 inde
618 3878 736 3932 audiunt
747 3879 774 3932 J.
813 3882 847 3933 32
860 3878 957 3933 Nicbil
968 3880 999 3935 J.
1038 3896 1089 3951 par
1100 3880 1136 3933 sit
1145 3879 1189 3950 131,
1201 3881 1287 3952 parsit
1295 3878 1360 3935 Bu.

254 3963 290 4014 34
301 3961 381 4013 hosce
393 3958 427 4013 de
438 3961 539 4031 praeda
547 3961 607 4030 BD,
619 3960 706 4030 (emit)
718 3962 797 4016 hosce
808 3962 886 4033 (after
894 3963 1006 4033 cauce)
1017 3963 1136 4033 depreda
1146 3963 1174 4018 J.
1223 3963 1257 4017 de
1267 3980 1361 4034 quaes-

254 4042 360 4101 toribus
372 4042 432 4109 BD,
445 4041 663 4113 dequesticribus
673 4045 702 4112 J,
715 4045 928 4116 aquaestonbus
939 4046 982 4099 lu
1028 4048 1062 4099 35
1081 4064 1138 4101 sese
1145 4046 1318 4101 confixerunt
1329 4046 1360 4101 J.

254 4129 289 4181 36
307 4124 353 4179 hic
365 4142 459 4180 seruus
470 4125 514 4195 13¹,
522 4125 567 4181 his
579 4143 674 4181 seruus
685 4127 785 4195 13³1>oe
788 4131 808 4195 ).
839 4132 876 4199 39
886 4127 945 4182 illic
956 4128 1002 4183 hie
1010 4128 1063 4198 Ru,
1075 4129 1125 4184 ille
1138 4129 1214 4200 (ἕψῃ.
1239 4132 1275 4181 42
1287 4146 1360 4182 seru·

255 4208 439 4278 auitBDiS).
474 4212 510 4264 44
528 4214 556 4264 et
567 4209 596 4264 J.
634 4210 890 4267 ilccnfixerunll.
928 4216 963 4267 54
980 4212 1046 4269 hinc
1056 4215 1085 4268 J.
1122 4217 1157 4268 56
1172 4212 1319 4285 spurcidici
1330 4213 1359 4269 J.
