3198 4726
240 203 284 267 40
440 170 445 177 ⁸
721 211 868 260 rrnrrr
915 207 920 217 ·
1107 199 1154 281 [rr
1170 199 1197 291 2.
1215 172 1343 262 2'3-50
1375 252 1377 256 ,

241 365 297 427 Es.
325 361 417 426 Prius
433 352 531 438 edico,
547 359 587 425 ne
603 362 675 444 quis
687 369 816 444 propter
831 359 960 443 celpam
975 358 1119 444 capiatdr
1134 380 1242 423 suam:
1275 355 1280 363 ’
1318 440 1322 449 .
1339 392 1342 398 ·

329 464 500 531 Centinete
514 463 572 529 ues
587 465 682 541 domi,
698 462 863 548 prohibete
879 485 898 527 a
912 464 1004 527 uobis
1018 463 1086 527 uim
1102 484 1213 542 meam.
1248 548 1250 551 Ι

240 571 303 634 Hs.
327 569 413 633 Mira
424 569 536 652 edepol
551 560 626 633 sunt
637 569 672 631 ni
683 567 736 632 hic
747 568 779 630 in
798 576 944 633 uentrem
958 565 1096 650 sempsit
1111 564 1343 630 confidentiam.

326 671 395 737 Vae
410 673 525 736 misero
540 665 598 749 illi,
608 671 728 755 quoius
743 671 813 758 cibo
828 671 889 735 iste
905 669 1024 747 fectust
1038 666 1244 752 imperiesior.
1303 671 1344 732 26

240 777 297 840 Ea.
324 775 406 840 Tem
422 763 556 859 pistores
572 772 759 858 screfipasci,
775 772 832 856 qul
847 772 939 837 alunt
954 754 1127 836 furfuriees
1142 793 1223 849 sues,

330 879 472 957 Querum
488 878 582 945 odore
597 877 768 962 praeterire
783 876 877 941 nemo
892 875 1066 959 pistrinem
1080 883 1204 959 potest:

262 967 265 970 ⁴
328 982 447 1048 Eerum
463 983 491 1047 si
505 980 719 1066 quoidsquam
734 981 870 1045 scrofam
884 979 919 1042 in
934 977 1063 1062 pdblico
1079 978 1279 1063 conspexero,
1370 1026 1375 1033 -

166 1091 229 1155 810
303 1073 378 1150 ⁴En
392 1070 471 1170 ipsis
486 1085 625 1150 dominis
640 1085 719 1148 meis
735 1084 851 1168 pugnis
866 1083 1038 1148 exculcabo
1053 1081 1198 1147 fdrfures.
1305 1084 1346 1146 30

243 1192 305 1255 ΗΕ.
330 1190 485 1254 Besilicas
499 1189 674 1254 edictiones
690 1187 786 1270 etque
800 1185 986 1270 imperioses
1001 1185 1107 1252 habet.

331 1292 426 1357 Setur
439 1293 574 1369 homost,
589 1291 686 1356 habet
699 1291 841 1375 profecto
856 1291 890 1353 in
906 1289 1019 1354 uentre
1035 1288 1267 1355 confidentiam.

243 1398 300 1462 Ea.
327 1395 410 1460 Tem
425 1394 605 1480 piscatores,
621 1394 678 1479 qui
693 1394 846 1477 praebent
861 1391 980 1477 pepulo
994 1393 1091 1477 piscis
1106 1393 1251 1470 foetidos,

332 1500 397 1578 Qui
410 1500 615 1564 eduehuntur
629 1496 886 1582 quadrupedanti
901 1495 1056 1561 crecianti
1072 1497 1242 1573 cantheris,

332 1600 476 1681 Querum
491 1603 567 1667 odos
582 1601 832 1667 subbesilicanos
847 1598 951 1664 emnis
966 1600 1066 1685 abigit
1081 1601 1116 1663 in
1131 1601 1253 1664 forum:
1307 1602 1347 1665 35

330 1708 387 1772 Eis
402 1726 459 1791 ego
474 1726 528 1769 ora
542 1702 714 1771 uerberabo
724 1702 900 1793 „sirpiculis
916 1703 1068 1787 pisceriis,
1232 1698 1234 1703 ’

331 1787 378 1873 lit
390 1810 500 1885 sciant,
515 1808 619 1873 alieno
635 1829 712 1872 naso
728 1798 825 1891 quam
841 1806 991 1871 exibeant
1005 1805 1193 1871 molestiam.

332 1911 414 1976 Tem
429 1912 509 1975 lanii
524 1919 640 1987 autem,
656 1910 713 1993 qui
728 1911 922 1990 concinnant
936 1910 1045 1974 liberis
1061 1908 1152 1974 orbes
1167 1910 1246 1986 ouis,
1297 1892 1303 1899 ”

334 2015 399 2092 Qui
412 2015 520 2079 locant
535 2012 715 2078 caedendos
730 2033 827 2097 agnos
842 2011 876 2076 et
890 2013 989 2095 dupla
1004 2012 1154 2097 agninam
1169 2012 1302 2090 danunt,

193 2173 211 2194 d
334 2119 400 2196 Qui
413 2118 539 2202 petroni
554 2115 671 2180 nemen
685 2117 803 2181 indunt
818 2115 946 2180 uerueci
961 2117 1111 2181 secteric:
1237 2158 1239 2162 -
1307 2118 1351 2181 40

334 2223 454 2286 Eerum
470 2242 527 2307 ego
542 2221 570 2285 si
585 2221 620 2283 in
635 2220 689 2284 uie
703 2227 869 2304 petronem
884 2218 1014 2302 pdblioa
1030 2218 1231 2305 conspexero,

335 2312 376 2389 Eu
390 2331 556 2409 petronem
571 2331 605 2388 et
619 2321 785 2388 deminum
800 2323 930 2388 reddam
944 2321 1088 2387 mentalis
1104 2322 1314 2388 miserrumos.

248 2430 311 2493 Ha.
335 2427 500 2513 Eegepae:
523 2427 696 2492 edictiones
711 2423 872 2491 aedilicias
887 2427 940 2490 hic
956 2427 1086 2510 quidem
1100 2427 1214 2493 habet:

335 2533 521 2613 Mirumque
549 2530 659 2595 adeost
683 2530 720 2594 ni
742 2529 829 2594 hene
855 2531 957 2595 fecere
980 2530 1042 2594 sibi
1067 2530 1178 2595 Aetoli
1201 2530 1351 2616 agoreno-

898 2654 995 2697 mum.

249 2738 306 2801 Ea.
334 2735 408 2800 Nen
424 2757 481 2821 ego
496 2757 582 2800 nunc
596 2737 755 2820 parasitus
771 2757 851 2813 sum,
866 2737 923 2800 sed
936 2719 1046 2820 regum
1060 2758 1117 2802 rex
1131 2737 1281 2822 regelior:
1309 2737 1351 2801 45

337 2839 459 2905 Tentus
474 2841 580 2904 uentri
595 2837 779 2904 oenmeatus
794 2839 865 2904 meo
881 2839 971 2904 adest
985 2841 1020 2903 in
1034 2839 1130 2924 porte
1145 2841 1242 2905 cibus.

275 2922 284 2939 .
338 2944 400 3009 sed
416 2965 472 3029 ego
487 2964 574 3008 cesso
588 2943 675 3008 hunc
690 2940 868 3028 Hegionem
883 2942 1012 3008 onerere
1026 2943 1150 3009 laetitie
1164 2948 1296 3009 senem?

339 3048 402 3126 Qui
416 3047 545 3112 homine
559 3049 722 3111 minam
736 3046 877 3130 adaeque
892 3068 986 3111 nemo
1000 3047 1085 3112 uiuit
1099 3048 1295 3113 fortunetior.

252 3151 314 3216 Ha.
339 3150 427 3229 Quae
442 3151 535 3215 illaec
546 3158 595 3215 est
606 3151 737 3227 laetitia,
749 3171 846 3233 quam
857 3151 924 3214 illie
935 3149 1037 3215 laetus
1049 3149 1182 3236 largiter
1196 3151 1278 3215 mihi
1288 3155 1300 3217 ἲ
1311 3152 1353 3215 49

176 3264 238 3328 830
252 3257 309 3320 Ea.
336 3254 428 3321 Hees
439 3254 496 3319 ubi
511 3254 610 3320 estisl
637 3252 745 3337 ecquis
760 3255 810 3318 bic
824 3254 889 3318 cst?
911 3255 1009 3338 aquis
1023 3254 1083 3319 hoc
1098 3255 1199 3339 aperit
1214 3252 1354 3321 estium?

288 3510 326 3561 26
340 3505 490 3579 impensior
502 3506 529 3561 J.
605 3506 639 3560 27
658 3506 765 3579 scrophi
772 3507 847 3578 pasci
859 3508 886 3561 J.
960 3490 1065 3563 furfure
1073 3509 1126 3580 BJ,
1138 3508 1238 3564 furfirri
1249 3510 1288 3564 ccl
1299 3509 1355 3564 fur-

252 3589 355 3644 fun'bas
363 3590 438 3644 Beat.
454 3589 564 3660 (furiuri
573 3590 671 3645 eorum.
680 3591 735 3645 aad
746 3590 847 3660 Luca,
856 3590 1003 3646 furfuribus
1014 3593 1127 3663 Iamba).
1165 3597 1199 3647 29
1212 3593 1235 3646 si
1246 3610 1301 3664 quo
1312 3593 1356 3648 uis

253 3689 338 3744 quam
350 3672 491 3745 scropham
508 3673 535 3728 J.
573 3672 703 3727 fimfures
715 3674 744 3727 J.
788 3678 820 3728 31
835 3674 1007 3730 editionesJ.
1044 3679 1078 3730 35
1091 3675 1315 3731 subbasilicanos
1327 3677 1354 3731 J.

307 3755 398 3828 abegit
414 3758 468 3826 BJ‚
480 3757 567 3828 abigit
580 3757 639 3812 Oce.
652 3757 725 3812 Meo.
741 3759 770 3822 (“
778 3775 796 3811 o
808 3776 892 3812 arona
903 3759 1063 3813 caracteris”
1076 3759 1164 3830 Pan).
1242 3762 1277 3815 36
1294 3777 1357 3832 ergo

254 3838 321 3893 hora
339 3839 367 3892 J.
483 3840 633 3894 381anum
650 3839 676 3892 J.
785 3839 879 3894 orabas
896 3841 923 3895 J.
1040 3845 1075 3897 39
1093 3842 1278 3897 cedundosan
1289 3860 1357 3916 gnos

255 3925 349 3994 (agnos
361 3921 395 3991 J)
409 3927 436 3976 et
448 3922 562 3994 duplam
574 3923 628 3991 BJ,
640 3921 726 3994 dupla
737 3923 817 3977 lead.
869 3927 904 3978 40
921 3924 1029 3979 uerueti
1041 3926 1064 3979 J
1070 3926 1111 3997 (l).
1165 3931 1198 3981 41
1218 3926 1291 3980 Eum
1303 3926 1357 3994 BJ,

232 4006 356 4060 'Eorum
367 4005 413 4058 Br.
485 4004 596 4076 publico
608 4006 635 4060 J.
734 4009 769 4059 42
787 4006 948 4060 miserumos
959 4007 987 4061 J.
1082 4012 1118 4062 43
1135 4009 1212 4080 Euge
1224 4010 1357 4063 editiones

252 4087 391 4144 etdelicias
408 4088 435 4141 J.
554 4092 590 4140 44
608 4087 731 4142 fecerunt
749 4088 802 4142 sibi
819 4088 915 4142 aetholi
932 4089 959 4143 J.
1077 4093 1112 4145 46
1129 4091 1311 4162 inporticibus
1327 4092 1355 4148 J.

252 4173 287 4230 47
299 4171 430 4227 honerare
441 4170 550 4225 laeticia
566 4171 593 4225 J.
647 4175 682 4226 48
701 4171 756 4238 Qui
767 4171 908 4226 hominem
920 4171 1055 4245 adaequas
1067 4174 1096 4243 J,
1107 4174 1245 4229 bominum
1257 4174 1355 4230 eccur.

303 4255 470 4313 fortunatior
486 4255 513 4310 J.
586 4258 621 4310 49
638 4255 678 4309 mi
691 4255 723 4310 J.
795 4260 829 4310 50
846 4256 888 4310 tu
900 4256 958 4313 cst?
975 4258 1058 4330 aquis
1070 4258 1115 4313 Br.
1187 4259 1309 4314 hostium
1327 4259 1356 4316 J.
1442 4294 1448 4301 ,
