3198 4726
247 254 330 320 1114.
347 253 489 338 68-87]
719 268 878 322 carmus.
1310 262 1351 326 31
1388 258 1392 266 “

1037 417 1091 501 ΤΥ.
1116 418 1227 503 Sepias
1241 420 1351 505 magis.

172 530 234 595 600
248 519 308 582 Aa.
337 516 467 585 Onicior
480 518 622 603 lapidem
636 514 701 584 ndn
715 520 831 585 habere
846 518 907 597 me,
922 525 960 584 ut
974 520 1025 584 illi
1038 522 1205 606 mastigiae

335 619 507 687 cerebrum
516 622 686 699 excutiam,
695 622 752 705 qui
761 643 812 686 me
820 623 970 687 insanum
979 623 1085 689 uerbis
1095 624 1266 691 concinnat
1276 626 1351 692 suis.

248 725 302 790 ΤΥ.
333 724 599 808 ΑύᾱίηΙαΡὶἀθω
613 724 814 809 quaeritare?

766 828 827 892 ΑΒ.
849 826 944 893 Solus
957 834 990 893 te
1005 828 1110 917 schim
1124 830 1207 907 uolo,
1310 830 1351 898 70

334 914 446 1000 Hegio.

391 1019 454 1082 ΗΥ.
478 1014 732 1103 Istincldquera,
743 1015 772 1080 si
783 1016 931 1099 quiduis,
942 1018 1079 1101 procult'
1091 1026 1201 1084 tamen
1215 1018 1344 1084 aridiam

248 1121 301 1186 ΤΥ.
333 1121 481 1204 Nquue
496 1120 609 1204 edepol
624 1121 652 1184 si
665 1119 790 1184 adbites
804 1119 944 1204 propius,
960 1118 994 1185 ds
1010 1121 1176 1188 denasabit
1189 1124 1251 1187 tibi

334 1222 506 1290 Mordicus.
1230 1279 1233 1285 ,

440 1327 498 1392 Aa
520 1327 635 1410 Neque
649 1322 704 1409 pol
718 1344 770 1389 me
784 1324 943 1403 insanum,
955 1325 1068 1412 Hegio,
1079 1347 1148 1394 csse
1163 1327 1287 1393 creduis

292 1424 294 1437 '
333 1428 447 1513 Neque
469 1431 568 1494 fuisse
588 1427 744 1511 umquam
764 1448 870 1511 neque
892 1449 961 1494 esse
982 1428 1138 1508 morbum,
1160 1453 1257 1515 quem
1278 1432 1353 1496 istic

896 1531 1051 1597 adtumat.
1221 1542 1225 1549 '

333 1634 454 1700 varum
469 1638 498 1702 si
512 1636 591 1720 quid
605 1633 723 1699 metuis
738 1654 757 1697 a
772 1654 832 1710 mc,
846 1632 922 1699 idbc
936 1646 988 1700 me
1002 1635 1135 1715 uinciri3
1157 1636 1240 1714 uolo,
1311 1635 1352 1704 75

332 1738 422 1803 de
436 1741 510 1806 istic
524 1739 637 1804 itidem
651 1737 819 1802 uinciatur.
1000 1733 1005 1740 ’

764 1839 821 1905 ΤΥ.
845 1818 949 1905 immo
964 1841 1051 1906 enim
1065 1862 1150 1920 uero,
1165 1842 1278 1928 Hegio,

335 1925 414 2011 istic
428 1946 486 2031 qui
499 1945 570 2011 uolt
585 1943 752 2009 uinciatur.

717 2046 775 2109 Aa.
799 2045 880 2110 Tace
895 2046 1010 2113 modo:
1032 2068 1089 2132 ego
1105 2055 1139 2124 tc,
1156 2047 1352 2113 Philocrates

333 2151 435 2228 Falsa,
450 2151 566 2215 faciam
580 2157 618 2215 ut
631 2149 727 2214 uerus
740 2148 835 2213 hodic
849 2148 1004 2232 reperiare
1019 2150 1196 2237 Tindarus.

335 2255 421 2333 Quid
435 2255 481 2319 mi
496 2255 655 2318 abnutasi

592 2358 648 2421 ΤΥ.
671 2354 815 2439 Tibi'ego
830 2355 973 2420 abruto?

483 2518 487 2523 .
773 2459 839 2524 Aa.
863 2458 948 2535 Quid
963 2463 1044 2543 agat,
1059 2458 1088 2522 si
1102 2458 1187 2523 absis
1202 2458 1353 2545 longius?

249 2566 312 2631 ΗΥ.
335 2563 506 2642 Quidaisl
528 2563 615 2646 quid,
630 2562 785 2628 siadeam
799 2562 1074 2627 hrincinsanuml
1310 2565 1351 2626 80

898 2665 953 2729 ΤΥ.
976 2663 1105 2750 ngas:
1127 2658 1353 2744 ludificabitur,

336 2770 461 2835 (laniet
476 2770 553 2853 quoi
567 2769 670 2853 neque
684 2789 741 2854 pes
755 2789 910 2852 umquam
924 2766 1028 2852 neque
1043 2764 1140 2852 caput
1155 2769 1331 2853 conpareat.

336 2864 533 2939 Ornamenta
557 2872 692 2937 absint:
720 2873 863 2950 Aiacem,
888 2873 975 2937 hunc
998 2869 1096 2955 quom
1121 2873 1222 2950 uides,
1245 2871 1352 2956 ipsum

896 2975 996 3040 uides.

249 3064 313 3130 ΗΥ.
335 3063 443 3128 Nihili
456 3063 546 3141 facio,
563 3062 672 3127 tamen
686 3061 787 3127 adibo.

362 3245 365 3250 Ι
738 3167 793 3229 ΤΥ.
815 3162 913 3229 Nino
928 3184 985 3248 ego
1000 3163 1130 3228 omnino
1146 3160 1255 3240 dccidi,

335 3272 369 3335 N
368 3269 433 3335 dno
447 3291 505 3356 ego
515 3269 601 3333 inter
610 3267 734 3334 sacrdm
746 3288 923 3351 saxumque
934 3265 984 3332 std
994 3287 1053 3332 nec
1065 3267 1143 3352 quid
1152 3267 1268 3332 faciam
1279 3267 1352 3332 scio.

250 3374 311 3438 Hn.
335 3370 387 3437 Do
401 3374 613 3456 tibioperam,
628 3373 882 3455 Aristophontes,
898 3371 926 3434 si
940 3371 1019 3455 quid
1034 3378 1083 3434 est
1097 3370 1184 3453 quod
1197 3369 1249 3434 md
1263 3370 1353 3435 uelis.

139 3502 145 3507 ·
250 3478 310 3541 AR.
337 3463 386 3540 Ex
401 3497 453 3542 mc
468 3476 593 3540 audibis
607 3474 683 3539 uera
698 3495 779 3558 quac
795 3495 881 3538 nuno
895 3473 976 3538 salsa
991 3474 1129 3556 opinare,
1144 3472 1256 3556 Hegio.
1311 3474 1352 3537 86

172 3593 237 3658 620
337 3578 399 3645 de
414 3578 474 3643 hoc
487 3579 628 3662 primum
642 3598 695 3642 me
709 3576 897 3662 expdrc'garc
911 3576 972 3640 tibi
986 3575 1068 3653 uolo,
1083 3595 1135 3640 mc
1149 3575 1308 3640 insaniam

286 3784 320 3835 68
339 3779 487 3835 Cratiord
541 3783 577 3834 69
594 3778 719 3834 concinat
730 3779 759 3833 J.
791 3778 851 3834 ‘72
869 3775 1049 3832 sihabitesJ.
1104 3775 1139 3831 73
1156 3776 1354 3832 insanumessc

251 3863 357 3918 credius
369 3863 397 3917 J.
481 3863 516 3916 74
533 3861 661 3917 morbum
672 3861 734 3915 istic
745 3862 777 3915 B.
824 3903 825 3908 κ
863 3861 896 3915 75
914 3859 1019 3913 uincire
1030 3858 1064 3928 B,
1081 3858 1202 3913 uincimi
1213 3861 1241 3927 J,
1253 3860 1354 3932 uinciri

250 3947 302 4001 Ed
312 3945 483 4015 Prasseat.
533 3946 662 4000 77tcom.
675 3943 732 3998 BJ.
781 3943 815 3998 78
833 3940 1086 4013 tyndaruslongius
1097 3940 1126 3995 J.
1175 3942 1209 3996 79
1226 3942 1313 3996 michi
1324 3943 1351 3996 J.

297 4028 400 4084 abnuto
412 4029 481 4100 quid
493 4028 611 4099 (witmat
623 4027 719 4096 cleopa
731 4027 761 4097 os
768 4025 878 4096 speum)
891 4025 946 4094 BJ,
958 4024 1061 4078 abnuto
1078 4025 1132 4079 Aa.
1148 4024 1222 4091 Quid
1239 4025 1352 4092 Lucam

297 4112 406 4183 longius
417 4113 442 4165 c's
454 4111 559 4164 ornitud
567 4112 599 4164 ia
608 4112 636 4178 J,
646 4110 719 4180 baino
724 4109 817 4180 placed
825 4110 857 4163 c'a
866 4109 906 4162 tlcc
912 4107 1048 4178 prosodiae
1058 4108 1117 4162 liae.
1166 4111 1199 4162 81
1213 4107 1288 4177 quod
1298 4106 1352 4172 BJ,
1401 4144 1403 4149 ι

250 4196 317 4267 quoi
328 4195 434 4250 Acidcl.
483 4198 517 4248 82
537 4193 718 4247 Hortamenta
726 4195 754 4248 J.
805 4194 840 4246 83
859 4191 942 4245 Nihil
954 4191 990 4260 B,
1002 4190 1099 4244 Nichil
1111 4189 1143 4245 J.
1198 4194 1232 4243 84
1250 4205 1311 4259 ergo
1324 4187 1352 4242 J.

251 4279 285 4335 87
303 4278 353 4333 hec
365 4279 393 4333 J.
439 4313 441 4318 ι
465 4294 613 4349 expurgare
625 4277 658 4345 B,
676 4293 831 4351 expugnare
842 4276 871 4344 J,
884 4275 1044 4347 expurigare
1056 4273 1098 4328 Rl.
